@article{attia2018noninvasive,
  title = {
    Noninvasive assessment of dofetilide plasma concentration using a deep learning (neural
    network) analysis of the surface electrocardiogram: A proof of concept study
  },
  author = {
    Attia, Zachi I. and Sugrue, Alan and Asirvatham, Samuel J. and Ackerman, Michael J. and Kapa,
    Suraj and Friedman, Paul A. and Noseworthy, Peter A.
  },
  year = {2018},
  month = aug,
  journal = {PLOS ONE},
  publisher = {Public Library of Science (PLoS)},
  volume = {13},
  number = {8},
  pages = {e0201059},
  doi = {10.1371/journal.pone.0201059},
  issn = {1932-6203},
  url = {https://doi.org/10.1371/journal.pone.0201059},
  source = {Crossref},
  bdsk-url-1 = {https://doi.org/10.1371/journal.pone.0201059},
}

@inproceedings{breck2020ml,
  title = {The ML test score: A rubric for ML production readiness and technical debt reduction},
  author = {Breck, Eric and Cai, Shanqing and Nielsen, Eric and Salib, Michael and Sculley, D.},
  year = {2017},
  month = dec,
  journal = {IEEE Transactions on Big Data},
  booktitle = {2017 IEEE International Conference on Big Data (Big Data)},
  publisher = {IEEE},
  volume = {6},
  number = {2},
  pages = {1123--1132},
  doi = {10.1109/bigdata.2017.8258038},
  url = {https://doi.org/10.1109/bigdata.2017.8258038},
  source = {Crossref},
}

@article{chen2023framework,
  title = {
    A framework for integrating artificial intelligence for clinical care with continuous
    therapeutic monitoring
  },
  author = {Chen, Emma and Prakash, Shvetank and Janapa Reddi, Vijay and Kim, David and Rajpurkar, Pranav},
  year = {2023},
  month = nov,
  day = {06},
  journal = {Nature Biomedical Engineering},
  publisher = {Springer Science and Business Media LLC},
  volume = {9},
  number = {4},
  pages = {445--454},
  doi = {10.1038/s41551-023-01115-0},
  issn = {2157-846X},
  url = {https://doi.org/10.1038/s41551-023-01115-0},
  source = {Crossref},
  bdsk-url-1 = {https://doi.org/10.1038/s41551-023-01115-0},
}

@inproceedings{crankshaw2017clipper,
  title = {Clipper: A $\{$Low-Latency$\}$ online prediction serving system},
  author = {
    Crankshaw, Daniel and Wang, Xin and Zhou, Guilio and Franklin, Michael J and Gonzalez, Joseph E
    and Stoica, Ion
  },
  year = {2017},
  booktitle = {14th USENIX Symposium on Networked Systems Design and Implementation (NSDI 17)},
  pages = {613--627},
}

@book{garg2020practical,
  title = {The Decision Maker's Handbook to Data Science},
  author = {Kampakis, Stylianos},
  year = {2020},
  publisher = {Apress},
  address = {Berkeley, CA},
  doi = {10.1007/978-1-4842-5494-3},
  isbn = {9781484254936,9781484254943},
  url = {https://doi.org/10.1007/978-1-4842-5494-3},
  source = {Crossref},
  subtitle = {A Guide for Non-Technical Executives, Managers, and Founders},
}

@inproceedings{gujarati2020serving,
  title = {Serving DNNs like Clockwork: Performance Predictability from the Bottom Up.},
  author = {
    Gujarati, Arpan and Karimi, Reza and Alzayat, Safya and Hao, Wei and Kaufmann, Antoine and
    Vigfusson, Ymir and Mace, Jonathan
  },
  year = {2020},
  journal = {OSDI},
  booktitle = {14th USENIX Symposium on Operating Systems Design and Implementation (OSDI 20)},
  pages = {443--462},
  url = {https://www.usenix.org/conference/osdi20/presentation/gujarati},
  source = {DBLP},
}

@article{guo2019mobile,
  title = {Mobile Photoplethysmographic Technology to Detect Atrial Fibrillation},
  author = {
    Guo, Yutao and Wang, Hao and Zhang, Hui and Liu, Tong and Liang, Zhaoguang and Xia, Yunlong and
    Yan, Li and Xing, Yunli and Shi, Haili and Li, Shuyan and Liu, Yanxia and Liu, Fan and Feng,
    Mei and Chen, Yundai and Lip, Gregory Y.H. and Guo, Yutao and Lip, Gregory Y.H. and Lane,
    Deirdre A. and Chen, Yundai and Wang, Liming and Eckstein, Jens and Thomas, G Neil and Tong,
    Liu and Mei, Feng and Xuejun, Liu and Xiaoming, Li and Zhaoliang, Shan and Xiangming, Shi and
    Wei, Zhang and Yunli, Xing and Jing, Wen and Fan, Wu and Sitong, Yang and Xiaoqing, Jin and Bo,
    Yang and Xiaojuan, Bai and Yuting, Jiang and Yangxia, Liu and Yingying, Song and Zhongju, Tan
    and Li, Yang and Tianzhu, Luan and Chunfeng, Niu and Lili, Zhang and Shuyan, Li and Zulu, Wang
    and Bing, Xv and Liming, Liu and Yuanzhe, Jin and Yunlong, Xia and Xiaohong, Chen and Fang, Wu
    and Lina, Zhong and yihong, Sun and shujie, Jia and Jing, Li and Nan, Li and shijun, Li and
    huixia, Liu and Rong, Li and Fan, Liu and qingfeng, Ge and tianyun, Guan and Yuan, Wen and Xin,
    Li and Yan, Ren and xiaoping, Chen and ronghua, Chen and Yun, Shi and yulan, Zhao and haili,
    Shi and yujie, Zhao and quanchun, Wang and weidong, Sun and Lin, Wei and Chan, Esther and
    Guangliang, Shan and Chen, Yao and Wei, Zong and Dandi, Chen and Xiang, Han and Anding, Xu and
    Xiaohan, Fan and Ziqiang, Yu and Xiang, Gu and Fulin, Ge
  },
  year = {2019},
  month = nov,
  journal = {Journal of the American College of Cardiology},
  publisher = {Elsevier BV},
  volume = {74},
  number = {19},
  pages = {2365--2375},
  doi = {10.1016/j.jacc.2019.08.019},
  issn = {0735-1097},
  url = {https://doi.org/10.1016/j.jacc.2019.08.019},
  source = {Crossref},
  bdsk-url-1 = {https://doi.org/10.1016/j.jacc.2019.08.019},
}

@article{janapa2023edge,
  title = {Edge Impulse: An MLOps Platform for Tiny Machine Learning},
  author = {
    Janapa Reddi, Vijay and Elium, Alexander and Hymel, Shawn and Tischler, David and Situnayake,
    Daniel and Ward, Carl and Moreau, Louis and Plunkett, Jenny and Kelcey, Matthew and Baaijens,
    Mathijs and others
  },
  year = {2023},
  journal = {Proceedings of Machine Learning and Systems},
  volume = {5},
}

@article{kreuzberger2022machine,
  title = {Machine learning operations (MLOps): Overview, definition, and architecture},
  author = {Kreuzberger, Dominik and Kerschbaum, Florian and Kuhn, Thomas},
  year = {2022},
  journal = {ACM Computing Surveys (CSUR)},
  publisher = {ACM},
  volume = {55},
  number = {5},
  pages = {1--32},
  doi = {10.1145/3533378},
}

@article{li2021noninvasive,
  title = {Non-invasive Monitoring of Three Glucose Ranges Based On ECG By Using DBSCAN-CNN},
  author = {
    Li, Jingzhen and Tobore, Igbe and Liu, Yuhang and Kandwal, Abhishek and Wang, Lei and Nie,
    Zedong
  },
  year = {2021},
  month = sep,
  journal = {IEEE Journal of Biomedical and Health Informatics},
  publisher = {Institute of Electrical and Electronics Engineers (IEEE)},
  volume = {25},
  number = {9},
  pages = {3340--3350},
  doi = {10.1109/jbhi.2021.3072628},
  issn = {2168-2194,2168-2208},
  url = {https://doi.org/10.1109/jbhi.2021.3072628},
  source = {Crossref},
  bdsk-url-1 = {https://doi.org/10.1109/JBHI.2021.3072628},
}

@inproceedings{li2023alpaserve,
  title = {$\{$AlpaServe$\}$: Statistical multiplexing with model parallelism for deep learning serving},
  author = {
    Li, Zhuohan and Zheng, Lianmin and Zhong, Yinmin and Liu, Vincent and Sheng, Ying and Jin, Xin
    and Huang, Yanping and Chen, Zhifeng and Zhang, Hao and Gonzalez, Joseph E and others
  },
  year = {2023},
  booktitle = {17th USENIX Symposium on Operating Systems Design and Implementation (OSDI 23)},
  pages = {663--679},
}

@article{liu2022monitoring,
  title = {
    Monitoring gait at home with radio waves in Parkinson's disease: A marker of severity,
    progression, and medication response
  },
  author = {
    Liu, Yingcheng and Zhang, Guo and Tarolli, Christopher G. and Hristov, Rumen and
    Jensen-Roberts, Stella and Waddell, Emma M. and Myers, Taylor L. and Pawlik, Meghan E. and
    Soto, Julia M. and Wilson, Renee M. and Yang, Yuzhe and Nordahl, Timothy and Lizarraga, Karlo
    J. and Adams, Jamie L. and Schneider, Ruth B. and Kieburtz, Karl and Ellis, Terry and Dorsey,
    E. Ray and Katabi, Dina
  },
  year = {2022},
  month = sep,
  journal = {Science Translational Medicine},
  publisher = {American Association for the Advancement of Science (AAAS)},
  volume = {14},
  number = {663},
  pages = {eadc9669},
  doi = {10.1126/scitranslmed.adc9669},
  issn = {1946-6234,1946-6242},
  url = {https://doi.org/10.1126/scitranslmed.adc9669},
  source = {Crossref},
  bdsk-url-1 = {https://www.science.org/doi/abs/10.1126/scitranslmed.adc9669},
  bdsk-url-2 = {https://doi.org/10.1126/scitranslmed.adc9669},
  eprint = {https://www.science.org/doi/pdf/10.1126/scitranslmed.adc9669},
}

@article{psoma2023wearable,
  title = {Wearable Insulin Biosensors for Diabetes Management: Advances and Challenges},
  author = {Psoma, Sotiria D. and Kanthou, Chryso},
  year = {2023},
  month = jul,
  journal = {Biosensors},
  publisher = {MDPI AG},
  volume = {13},
  number = {7},
  pages = {719},
  doi = {10.3390/bios13070719},
  issn = {2079-6374},
  url = {https://doi.org/10.3390/bios13070719},
  source = {Crossref},
  article-number = {719},
  bdsk-url-1 = {https://www.mdpi.com/2079-6374/13/7/719},
  bdsk-url-2 = {https://doi.org/10.3390/bios13070719},
  pubmedid = {37504117},
}

@article{rainio2024evaluation,
  title = {Evaluation metrics and statistical tests for machine learning},
  author = {Rainio, Oona and Teuho, Jarmo and Kl\'en, Riku},
  year = {2024},
  month = mar,
  journal = {Scientific Reports},
  publisher = {Springer Science and Business Media LLC},
  volume = {14},
  number = {1},
  pages = {6086},
  doi = {10.1038/s41598-024-56706-x},
  issn = {2045-2322},
  url = {https://doi.org/10.1038/s41598-024-56706-x},
  source = {Crossref},
}

@inproceedings{romero2021infaas,
  title = {INFaaS: Automated Model-less Inference Serving.},
  author = {Romero, Francisco and 0027, Qian Li and Yadwadkar, Neeraja J. and Kozyrakis, Christos},
  year = {2021},
  journal = {USENIX ATC},
  booktitle = {2021 USENIX Annual Technical Conference (USENIX ATC 21)},
  pages = {397--411},
  url = {https://www.usenix.org/conference/atc21/presentation/romero},
  source = {DBLP},
}

@inproceedings{sambasivan2021data,
  title = {``Everyone wants to do the model work, not the data work'': Data Cascades in High-Stakes AI},
  author = {
    Sambasivan, Nithya and Kapania, Shivani and Highfill, Hannah and Akrong, Diana and Paritosh,
    Praveen and Aroyo, Lora M
  },
  year = {2021},
  month = may,
  booktitle = {Proceedings of the 2021 CHI Conference on Human Factors in Computing Systems},
  publisher = {ACM},
  pages = {1--15},
  doi = {10.1145/3411764.3445518},
  url = {https://doi.org/10.1145/3411764.3445518},
  source = {Crossref},
}

@inproceedings{schelter2018automating,
  title = {Automating large-scale machine learning model management},
  author = {
    Schelter, Sebastian and Boehm, Matthias and Kirschnick, Johannes and Tzoumas, Kostas and
    Ratsch, Gunnar
  },
  year = {2018},
  booktitle = {Proceedings of the 2018 IEEE International Conference on Data Engineering (ICDE)},
  pages = {137--148},
  organization = {IEEE},
}

@inproceedings{sculley2015hidden,
  title = {Hidden technical debt in machine learning systems},
  author = {
    Sculley, D. and Holt, G. and Golovin, D. and Davydov, E. and Phillips, T. and Ebner, D. and
    Chaudhary, V. and Young, M. and Crespo, J.F. and Dennison, D.
  },
  year = {2015},
  booktitle = {Advances in Neural Information Processing Systems},
  volume = {28},
}

@inproceedings{wu2019machine,
  title = {Machine Learning at Facebook: Understanding Inference at the Edge},
  author = {
    Wu, Carole-Jean and Brooks, David and Chen, Kevin and Chen, Douglas and Choudhury, Sy and
    Dukhan, Marat and Hazelwood, Kim and Isaac, Eldad and Jia, Yangqing and Jia, Bill and Leyvand,
    Tommer and Lu, Hao and Lu, Yang and Qiao, Lin and Reagen, Brandon and Spisak, Joe and Sun, Fei
    and Tulloch, Andrew and Vajda, Peter and Wang, Xiaodong and Wang, Yanghan and Wasti, Bram and
    Wu, Yiming and Xian, Ran and Yoo, Sungjoo and Zhang, Peizhao
  },
  year = {2019},
  month = feb,
  booktitle = {2019 IEEE International Symposium on High Performance Computer Architecture (HPCA)},
  publisher = {IEEE},
  pages = {331--344},
  doi = {10.1109/hpca.2019.00048},
  url = {https://doi.org/10.1109/hpca.2019.00048},
  source = {Crossref},
  organization = {IEEE},
}

@inproceedings{zaharia2018accelerating,
  title = {Developments in MLflow},
  author = {
    Chen, Andrew and Chow, Andy and Davidson, Aaron and DCunha, Arjun and Ghodsi, Ali and Hong, Sue
    Ann and Konwinski, Andy and Mewald, Clemens and Murching, Siddharth and Nykodym, Tomas and
    Ogilvie, Paul and Parkhe, Mani and Singh, Avesh and Xie, Fen and Zaharia, Matei and Zang,
    Richard and Zheng, Juntai and Zumar, Corey
  },
  year = {2020},
  month = jun,
  journal = {Databricks},
  booktitle = {
    Proceedings of the Fourth International Workshop on Data Management for End-to-End Machine
    Learning
  },
  publisher = {ACM},
  pages = {1--4},
  doi = {10.1145/3399579.3399867},
  url = {https://doi.org/10.1145/3399579.3399867},
  note = {https://mlflow.org/docs/latest/index.html},
  source = {Crossref},
  subtitle = {A System to Accelerate the Machine Learning Lifecycle},
}

@article{zhang2017highly,
  title = {
    Highly wearable cuff-less blood pressure and heart rate monitoring with single-arm
    electrocardiogram and photoplethysmogram signals
  },
  author = {Zhang, Qingxue and Zhou, Dian and Zeng, Xuan},
  year = {2017},
  month = feb,
  day = {06},
  journal = {BioMedical Engineering OnLine},
  publisher = {Springer Science and Business Media LLC},
  volume = {16},
  number = {1},
  pages = {23},
  doi = {10.1186/s12938-017-0317-z},
  issn = {1475-925X},
  url = {https://doi.org/10.1186/s12938-017-0317-z},
  source = {Crossref},
  bdsk-url-1 = {https://doi.org/10.1186/s12938-017-0317-z},
}

@inproceedings{zhang2019mark,
  title = {
    MArk: Exploiting Cloud Services for Cost-Effective, SLO-Aware Machine Learning Inference
    Serving.
  },
  author = {Zhang, Chengliang and Yu, Minchen and 0030, Wei Wang and 0001, Feng Yan},
  year = {2019},
  journal = {USENIX ATC},
  booktitle = {2019 USENIX Annual Technical Conference (USENIX ATC 19)},
  pages = {1049--1062},
  url = {https://www.usenix.org/conference/atc19/presentation/zhang-chengliang},
  source = {DBLP},
}
