@article{arivazhagan2019federated,
  title = {Federated Learning with Personalization Layers},
  author = {Arivazhagan, Manoj Ghuhan and Aggarwal, Vinay and Singh, Aaditya Kumar and Choudhary, Sunav},
  journal = {CoRR},
  booktitle = {
    Proceedings of the 36th International Conference on Machine Learning (ICML) Workshop on
    Federated Learning
  },
  volume = {abs/1912.00818},
  url = {http://arxiv.org/abs/1912.00818v1},
  date = {2019-12-02},
  primaryclass = {cs.LG},
  archiveprefix = {arXiv},
  source = {DBLP},
}

@article{banbury2021mlperf,
  title = {MLPerf Tiny Benchmark},
  author = {
    Banbury, Colby and Reddi, Vijay Janapa and Torelli, Peter and Holleman, Jeremy and Jeffries,
    Nat and Kiraly, Csaba and Montino, Pietro and Kanter, David and Ahmed, Sebastian and Pau,
    Danilo and Thakker, Urmish and Torrini, Antonio and Warden, Peter and Cordaro, Jay and
    Guglielmo, Giuseppe Di and Duarte, Javier and Gibellini, Stephen and Parekh, Videet and Tran,
    Honson and Tran, Nhan and Wenxu, Niu and Xuesong, Xu
  },
  journal = {arXiv preprint arXiv:2106.07597},
  url = {http://arxiv.org/abs/2106.07597v4},
  date = {2021-06-14},
  primaryclass = {cs.LG},
  archiveprefix = {arXiv},
}

@article{bommasani2021opportunities,
  title = {On the Opportunities and Risks of Foundation Models},
  author = {
    Bommasani, Rishi and Hudson, Drew A. and Adeli, Ehsan and Altman, Russ and Arora, Simran and
    von Arx, Sydney and Bernstein, Michael S. and Bohg, Jeannette and Bosselut, Antoine and
    Brunskill, Emma and Brynjolfsson, Erik and Buch, Shyamal and Card, Dallas and Castellon,
    Rodrigo and Chatterji, Niladri and Chen, Annie and Creel, Kathleen and Davis, Jared Quincy and
    Demszky, Dora and Donahue, Chris and Doumbouya, Moussa and Durmus, Esin and Ermon, Stefano and
    Etchemendy, John and Ethayarajh, Kawin and Fei-Fei, Li and Finn, Chelsea and Gale, Trevor and
    Gillespie, Lauren and Goel, Karan and Goodman, Noah and Grossman, Shelby and Guha, Neel and
    Hashimoto, Tatsunori and Henderson, Peter and Hewitt, John and Ho, Daniel E. and Hong, Jenny
    and Hsu, Kyle and Huang, Jing and Icard, Thomas and Jain, Saahil and Jurafsky, Dan and Kalluri,
    Pratyusha and Karamcheti, Siddharth and Keeling, Geoff and Khani, Fereshte and Khattab, Omar
    and Koh, Pang Wei and Krass, Mark and Krishna, Ranjay and Kuditipudi, Rohith and Kumar, Ananya
    and Ladhak, Faisal and Lee, Mina and Lee, Tony and Leskovec, Jure and Levent, Isabelle and Li,
    Xiang Lisa and Li, Xuechen and Ma, Tengyu and Malik, Ali and Manning, Christopher D. and
    Mirchandani, Suvir and Mitchell, Eric and Munyikwa, Zanele and Nair, Suraj and Narayan, Avanika
    and Narayanan, Deepak and Newman, Ben and Nie, Allen and Niebles, Juan Carlos and Nilforoshan,
    Hamed and Nyarko, Julian and Ogut, Giray and Orr, Laurel and Papadimitriou, Isabel and Park,
    Joon Sung and Piech, Chris and Portelance, Eva and Potts, Christopher and Raghunathan, Aditi
    and Reich, Rob and Ren, Hongyu and Rong, Frieda and Roohani, Yusuf and Ruiz, Camilo and Ryan,
    Jack and R\'{e}, Christopher and Sadigh, Dorsa and Sagawa, Shiori and Santhanam, Keshav and
    Shih, Andy and Srinivasan, Krishnan and Tamkin, Alex and Taori, Rohan and Thomas, Armin W. and
    Tram\`{e}r, Florian and Wang, Rose E. and Wang, William and Wu, Bohan and Wu, Jiajun and Wu,
    Yuhuai and Xie, Sang Michael and Yasunaga, Michihiro and You, Jiaxuan and Zaharia, Matei and
    Zhang, Michael and Zhang, Tianyi and Zhang, Xikun and Zhang, Yuhui and Zheng, Lucia and Zhou,
    Kaitlyn and Liang, Percy
  },
  journal = {arXiv preprint arXiv:2108.07258},
  url = {http://arxiv.org/abs/2108.07258v3},
  date = {2021-08-16},
  primaryclass = {cs.LG},
  archiveprefix = {arXiv},
}

@article{brakerski2022federated,
  title = {Federated Learning and the Rise of Edge Intelligence: Challenges and Opportunities},
  author = {Brakerski, Zvika and others},
  year = {2022},
  journal = {Communications of the ACM},
  volume = {65},
  number = {8},
  pages = {54--63},
}

@inproceedings{chen2019closer,
  title = {A closer look at few-shot classification},
  author = {Chen, Wei-Yu and Liu, Yen-Cheng and Kira, Zsolt and Wang, Yu-Chiang Frank and Huang, Jia-Bin},
  year = {2019},
  booktitle = {International Conference on Learning Representations (ICLR)},
}

@article{dean2012large,
  title = {Large scale distributed deep networks},
  author = {
    Dean, Jeffrey and Corrado, Greg and Monga, Rajat and Chen, Kai and Devin, Matthieu and Mao,
    Mark and Senior, Andrew and Tucker, Paul and Yang, Ke and Le, Quoc V and others
  },
  year = {2012},
  journal = {Advances in neural information processing systems},
  volume = {25},
}

@inproceedings{deng2021adaptive,
  title = {Adaptive Federated Optimization},
  author = {Deng, Yuzhe and Mokhtari, Aryan and Ozdaglar, Asuman},
  year = {2021},
  booktitle = {Proceedings of the 38th International Conference on Machine Learning (ICML)},
}

@inproceedings{deng2022tinytrain,
  title = {TinyTrain: Learning to Train Compact Neural Networks on the Edge},
  author = {Deng, Chulin and Zhang, Yujun and Wu, Yanzhi},
  year = {2022},
  booktitle = {Proceedings of the 39th International Conference on Machine Learning (ICML)},
}

@article{diao2023sparse,
  title = {
    Efficient Rate Optimal Regret for Adversarial Contextual MDPs Using Online Function
    Approximation
  },
  author = {Levy, Orin and Cohen, Alon and Cassel, Asaf and Mansour, Yishay},
  journal = {arXiv preprint arXiv:2303.01464},
  url = {http://arxiv.org/abs/2303.01464v2},
  date = {2023-03-02},
  primaryclass = {cs.LG},
  archiveprefix = {arXiv},
}

@article{fedbuff,
  title = {Federated Learning with Buffered Asynchronous Aggregation},
  author = {
    Nguyen, John and Malik, Kshitiz and Zhan, Hongyuan and Yousefpour, Ashkan and Rabbat, Michael
    and Malek, Mani and Huba, Dzmitry
  },
  url = {http://arxiv.org/abs/2106.06639v4},
  date = {2021-06-11},
  primaryclass = {cs.LG},
  archiveprefix = {arXiv},
  eprint = {2106.06639},
}

@article{fedstale,
  title = {FedStale: leveraging stale client updates in federated learning},
  author = {Rodio, Angelo and Neglia, Giovanni},
  url = {http://arxiv.org/abs/2405.04171v1},
  date = {2024-05-07},
  primaryclass = {cs.LG},
  archiveprefix = {arXiv},
  eprint = {2405.04171},
}

@article{fedstaleweight,
  title = {
    FedStaleWeight: Buffered Asynchronous Federated Learning with Fair Aggregation via Staleness
    Reweighting
  },
  author = {Ma, Jeffrey and Tu, Alan and Chen, Yiling and Reddi, Vijay Janapa},
  url = {http://arxiv.org/abs/2406.02877v1},
  date = {2024-06-05},
  primaryclass = {cs.LG},
  archiveprefix = {arXiv},
  eprint = {2406.02877},
}

@inproceedings{finn2017model,
  title = {Model-agnostic meta-learning for fast adaptation of deep networks},
  author = {Finn, Chelsea and Abbeel, Pieter and Levine, Sergey},
  year = {2017},
  booktitle = {Proceedings of the 34th International Conference on Machine Learning (ICML)},
}

@article{gama2014survey,
  title = {A survey on concept drift adaptation},
  author = {
    Gama, Jo\~{a}o and \v{Z}liobait\.{e}, Indr\.{e} and Bifet, Albert and Pechenizkiy, Mykola and
    Bouchachia, Abdelhamid
  },
  journal = {ACM Computing Surveys},
  publisher = {Association for Computing Machinery (ACM)},
  volume = {46},
  number = {4},
  pages = {1--37},
  doi = {10.1145/2523813},
  issn = {0360-0300,1557-7341},
  url = {https://doi.org/10.1145/2523813},
  source = {Crossref},
  date = {2014-03},
}

@inproceedings{hard2018federated,
  title = {Federated learning for mobile keyboard prediction},
  author = {
    Hard, Andrew and Rao, Kanishka and Mathews, Rajiv and Ramaswamy, Saurabh and Beaufays,
    Fran\c{c}oise and Augenstein, Sean and Eichner, Hubert and Kiddon, Chlo\'{e} and Ramage, Daniel
  },
  year = {2018},
  booktitle = {International Conference on Learning Representations (ICLR)},
}

@incollection{hayes2020remind,
  title = {REMIND Your Neural Network to Prevent Catastrophic Forgetting},
  author = {
    Hayes, Tyler L. and Kafle, Kushal and Shrestha, Robik and Acharya, Manoj and Kanan, Christopher
  },
  booktitle = {Computer Vision â€“ ECCV 2020},
  publisher = {Springer International Publishing},
  pages = {466--483},
  doi = {10.1007/978-3-030-58598-3\_28},
  isbn = {9783030585976,9783030585983},
  issn = {0302-9743,1611-3349},
  url = {https://doi.org/10.1007/978-3-030-58598-3\_28},
  source = {Crossref},
  date = {2020},
}

@inproceedings{houlsby2019parameter,
  title = {Parameter-efficient transfer learning for NLP},
  author = {
    Houlsby, Neil and Giurgiu, Andrei and Jastrzebski, Stanislaw and Morrone, Bruna and de
    Laroussilhe, Chlo\'{e} and Gesmundo, Andrea and Attariyan, Mohammad and Gelly, Sylvain
  },
  year = {2019},
  booktitle = {International Conference on Machine Learning},
  pages = {2790--2799},
  organization = {PMLR},
}

@article{howard2017mobilenets,
  title = {MobileNets: Efficient Convolutional Neural Networks for Mobile Vision Applications},
  author = {
    Howard, Andrew G. and Zhu, Menglong and Chen, Bo and Kalenichenko, Dmitry and Wang, Weijun and
    Weyand, Tobias and Andreetto, Marco and Adam, Hartwig
  },
  journal = {CoRR},
  booktitle = {arXiv preprint arXiv:1704.04861},
  volume = {abs/1704.04861},
  url = {http://arxiv.org/abs/1704.04861v1},
  date = {2017-04-17},
  primaryclass = {cs.CV},
  archiveprefix = {arXiv},
  source = {DBLP},
}

@article{hu2021lora,
  title = {LoRA: Low-Rank Adaptation of Large Language Models},
  author = {
    Hu, Edward J and Shen, Yelong and Wallis, Phillip and Allen-Zhu, Zeyuan and Li, Yuanzhi and
    Wang, Shean and Wang, Lu and Chen, Weizhu
  },
  journal = {arXiv preprint arXiv:2106.09685},
  url = {http://arxiv.org/abs/2106.09685v2},
  date = {2021-06-17},
  primaryclass = {cs.CL},
  archiveprefix = {arXiv},
}

@article{konevcny2016federated,
  title = {Federated Optimization: Distributed Machine Learning for On-Device Intelligence},
  author = {Kone\v{c}n\'{y}, Jakub and McMahan, H. Brendan and Ramage, Daniel and Richt\'{a}rik, Peter},
  journal = {CoRR},
  booktitle = {arXiv preprint arXiv:1610.02527},
  volume = {abs/1610.02527},
  url = {http://arxiv.org/abs/1610.02527v1},
  date = {2016-10-08},
  primaryclass = {cs.LG},
  archiveprefix = {arXiv},
  source = {DBLP},
}

@book{lai2020tinyml,
  title = {TinyML: Machine learning with TensorFlow Lite on Arduino and ultra-low-power microcontrollers},
  author = {Warden, Pete and Situnayake, Daniel},
  year = {2020},
  publisher = {O'Reilly Media},
}

@article{li2020federated,
  title = {Federated Learning: Challenges, Methods, and Future Directions},
  author = {Li, Tian and Sahu, Anit Kumar and Talwalkar, Ameet and Smith, Virginia},
  journal = {IEEE Signal Processing Magazine},
  publisher = {Institute of Electrical and Electronics Engineers (IEEE)},
  volume = {37},
  number = {3},
  pages = {50--60},
  doi = {10.1109/msp.2020.2975749},
  issn = {1053-5888,1558-0792},
  url = {https://doi.org/10.1109/msp.2020.2975749},
  source = {Crossref},
  date = {2020-05},
}

@inproceedings{lin2020mcunet,
  title = {MCUNet: Tiny Deep Learning on IoT Devices},
  author = {Lin, Ji and Chen, Wei-Ming and Lin, Yujun and Han, Song},
  year = {2020},
  booktitle = {Advances in Neural Information Processing Systems (NeurIPS)},
}

@inproceedings{mcmahan2017communication,
  title = {Communication-efficient learning of deep networks from decentralized data},
  author = {McMahan, H Brendan and Moore, Eider and Ramage, Daniel and Hampson, Seth and others},
  year = {2017},
  booktitle = {
    Proceedings of the 20th International Conference on Artificial Intelligence and Statistics
    (AISTATS)
  },
  pages = {1273--1282},
}

@misc{quinonero2009dataset,
  title = {Dataset Shift in Machine Learning},
  author = {
    Qui\~{n}onero-Candela, Joaquin and Sugiyama, Masashi and Schwaighofer, Anton and Lawrence, Neil
    D.
  },
  journal = {The MIT Press},
  publisher = {The MIT Press},
  pages = {xi-xvi},
  doi = {10.7551/mitpress/7921.003.0002},
  isbn = {9780262255103},
  url = {https://doi.org/10.7551/mitpress/7921.003.0002},
  source = {Crossref},
  date = {2008-12-12},
}

@inproceedings{rebuffi2017learning,
  title = {Learning multiple visual domains with residual adapters},
  author = {Rebuffi, Sylvestre-Alvise and Bilen, Hakan and Vedaldi, Andrea},
  year = {2017},
  booktitle = {Advances in Neural Information Processing Systems},
  volume = {30},
}

@inproceedings{rolnick2019experience,
  title = {Experience Replay for Continual Learning},
  author = {Rolnick, David and Ahuja, Arun and Schwarz, Jonathan and Lillicrap, Timothy and Wayne, Greg},
  year = {2019},
  booktitle = {Advances in Neural Information Processing Systems (NeurIPS)},
}

@article{sanh2019distilbert,
  title = {DistilBERT, a distilled version of BERT: smaller, faster, cheaper and lighter},
  author = {Sanh, Victor and Debut, Lysandre and Chaumond, Julien and Wolf, Thomas},
  journal = {arXiv preprint arXiv:1910.01108},
  url = {http://arxiv.org/abs/1910.01108v4},
  date = {2019-10-02},
  primaryclass = {cs.CL},
  archiveprefix = {arXiv},
}

@article{wang2020generalizing,
  title = {Generalizing from a Few Examples},
  author = {Wang, Yaqing and Yao, Quanming and Kwok, James T. and Ni, Lionel M.},
  journal = {ACM Computing Surveys},
  booktitle = {ACM Computing Surveys},
  publisher = {Association for Computing Machinery (ACM)},
  volume = {53},
  number = {3},
  pages = {1--34},
  doi = {10.1145/3386252},
  issn = {0360-0300,1557-7341},
  url = {https://doi.org/10.1145/3386252},
  source = {Crossref},
  subtitle = {A Survey on Few-shot Learning},
  date = {2020-06-12},
}

@article{warden2018speech,
  title = {Speech Commands: A Dataset for Limited-Vocabulary Speech Recognition},
  author = {Warden, Pete},
  journal = {arXiv preprint arXiv:1804.03209},
  url = {http://arxiv.org/abs/1804.03209v1},
  date = {2018-04-09},
  primaryclass = {cs.CL},
  archiveprefix = {arXiv},
}

@inproceedings{zhang2020efficient,
  title = {Efficient Task-Specific Adaptation for Deep Models},
  author = {Zhang, Xitong and Song, Jialin and Tao, Dacheng},
  year = {2020},
  booktitle = {International Conference on Learning Representations (ICLR)},
}

@article{zhao2018federated,
  title = {Federated Learning with Non-IID Data},
  author = {
    Zhao, Yue and Li, Meng and Lai, Liangzhen and Suda, Naveen and Civin, Damon and Chandra, Vikas
  },
  journal = {CoRR},
  booktitle = {arXiv preprint arXiv:1806.00582},
  volume = {abs/1806.00582},
  url = {http://arxiv.org/abs/1806.00582v2},
  date = {2018-06-02},
  primaryclass = {cs.LG},
  archiveprefix = {arXiv},
  source = {DBLP},
}
