@article{ba2016layer,
  title = {Layer Normalization},
  author = {Ba, Jimmy Lei and Kiros, Jamie Ryan and Hinton, Geoffrey E.},
  year = {2016},
  month = jul,
  journal = {arXiv preprint arXiv:1607.06450},
  url = {http://arxiv.org/abs/1607.06450v1},
  primaryclass = {stat.ML},
  archiveprefix = {arXiv},
}

@article{bahdanau2014neural,
  title = {Neural Machine Translation by Jointly Learning to Align and Translate},
  author = {Bahdanau, Dzmitry and Cho, Kyunghyun and Bengio, Yoshua},
  year = {2014},
  month = sep,
  journal = {arXiv preprint arXiv:1409.0473},
  booktitle = {Proceedings of the International Conference on Learning Representations (ICLR)},
  url = {http://arxiv.org/abs/1409.0473v7},
  primaryclass = {cs.CL},
  archiveprefix = {arXiv},
}

@article{brown2020language,
  title = {Language models are few-shot learners},
  author = {
    Brown, Tom B and Mann, Benjamin and Ryder, Nick and Subbiah, Melanie and Kaplan, Jared and
    Dhariwal, Prafulla and Neelakantan, Arvind and Shyam, Pranav and Sastry, Girish and Askell,
    Amanda and others
  },
  year = {2020},
  journal = {Advances in Neural Information Processing Systems},
  volume = {33},
  pages = {1877--1901},
}

@inproceedings{cho2014properties,
  title = {On the properties of neural machine translation: Encoder-decoder approaches},
  author = {Cho, Kyunghyun and van Merrienboer, Bart and Bahdanau, Dzmitry and Bengio, Yoshua},
  year = {2014},
  booktitle = {Eighth Workshop on Syntax, Semantics and Structure in Statistical Translation (SSST-8)},
  pages = {103--111},
  organization = {Association for Computational Linguistics},
}

@article{cybenko1989approximation,
  title = {Approximation by superpositions of a sigmoidal function},
  author = {Cybenko, G.},
  year = {1992},
  month = dec,
  journal = {Mathematics of Control, Signals, and Systems},
  publisher = {Springer Science and Business Media LLC},
  volume = {5},
  number = {4},
  pages = {455--455},
  doi = {10.1007/bf02134016},
  issn = {0932-4194,1435-568X},
  url = {https://doi.org/10.1007/bf02134016},
  source = {Crossref},
}

@article{dosovitskiy2021image,
  title = {An image is worth 16x16 words: Transformers for image recognition at scale},
  author = {
    Dosovitskiy, Alexey and Beyer, Lucas and Kolesnikov, Alexander and Weissenborn, Dirk and Zhai,
    Xiaohua and Unterthiner, Thomas and Dehghani, Mostafa and Minderer, Matthias and Heigold, Georg
    and Gelly, Sylvain and others
  },
  year = {2021},
  journal = {International Conference on Learning Representations},
}

@incollection{elman1990finding,
  title = {Finding Structure in Time},
  author = {Elman, Jeffrey L.},
  year = {2002},
  month = sep,
  journal = {Cognitive Science},
  booktitle = {Cognitive Modeling},
  publisher = {The MIT Press},
  volume = {14},
  number = {2},
  pages = {257--288},
  doi = {10.7551/mitpress/1888.003.0015},
  isbn = {9780262281744},
  url = {https://doi.org/10.7551/mitpress/1888.003.0015},
  source = {Crossref},
}

@inproceedings{he2016deep,
  title = {Deep Residual Learning for Image Recognition},
  author = {He, Kaiming and Zhang, Xiangyu and Ren, Shaoqing and Sun, Jian},
  year = {2016},
  month = jun,
  journal = {Proceedings of the IEEE conference on computer vision and pattern recognition},
  booktitle = {2016 IEEE Conference on Computer Vision and Pattern Recognition (CVPR)},
  publisher = {IEEE},
  pages = {770--778},
  doi = {10.1109/cvpr.2016.90},
  url = {https://doi.org/10.1109/cvpr.2016.90},
  source = {Crossref},
}

@article{hochreiter1997long,
  title = {Long Short-Term Memory},
  author = {Hochreiter, Sepp and Schmidhuber, J\"urgen},
  year = {1997},
  month = nov,
  journal = {Neural Computation},
  publisher = {MIT Press},
  volume = {9},
  number = {8},
  pages = {1735--1780},
  doi = {10.1162/neco.1997.9.8.1735},
  issn = {0899-7667,1530-888X},
  url = {https://doi.org/10.1162/neco.1997.9.8.1735},
  source = {Crossref},
}

@article{hornik1989multilayer,
  title = {Multilayer feedforward networks are universal approximators},
  author = {Hornik, Kurt and Stinchcombe, Maxwell and White, Halbert},
  year = {1989},
  month = jan,
  journal = {Neural Networks},
  publisher = {Elsevier BV},
  volume = {2},
  number = {5},
  pages = {359--366},
  doi = {10.1016/0893-6080(89)90020-8},
  issn = {0893-6080},
  url = {https://doi.org/10.1016/0893-6080(89)90020-8},
  source = {Crossref},
}

@article{ioffe2015batch,
  title = {Batch normalization: Accelerating deep network training by reducing internal covariate shift},
  author = {Ioffe, Sergey and Szegedy, Christian},
  year = {2015},
  journal = {International conference on machine learning},
  pages = {448--456},
  organization = {PMLR},
}

@article{lecun1989backpropagation,
  title = {Backpropagation Applied to Handwritten Zip Code Recognition},
  author = {
    LeCun, Y. and Boser, B. and Denker, J. S. and Henderson, D. and Howard, R. E. and Hubbard, W.
    and Jackel, L. D.
  },
  year = {1989},
  month = dec,
  journal = {Neural Computation},
  publisher = {MIT Press},
  volume = {1},
  number = {4},
  pages = {541--551},
  doi = {10.1162/neco.1989.1.4.541},
  issn = {0899-7667,1530-888X},
  url = {https://doi.org/10.1162/neco.1989.1.4.541},
  source = {Crossref},
}

@article{lecun1998gradient,
  title = {Gradient-based learning applied to document recognition},
  author = {Lecun, Y. and Bottou, L. and Bengio, Y. and Haffner, P.},
  year = {1998},
  journal = {Proceedings of the IEEE},
  publisher = {Institute of Electrical and Electronics Engineers (IEEE)},
  volume = {86},
  number = {11},
  pages = {2278--2324},
  doi = {10.1109/5.726791},
  issn = {0018-9219},
  url = {https://doi.org/10.1109/5.726791},
  source = {Crossref},
}

@article{lecun2015deep,
  title = {Deep learning},
  author = {LeCun, Yann and Bengio, Yoshua and Hinton, Geoffrey},
  year = {2015},
  month = may,
  journal = {Nature},
  publisher = {Springer Science and Business Media LLC},
  volume = {521},
  number = {7553},
  pages = {436--444},
  doi = {10.1038/nature14539},
  issn = {0028-0836,1476-4687},
  url = {https://doi.org/10.1038/nature14539},
  source = {Crossref},
}

@book{reagen2017deep,
  title = {Deep Learning for Computer Architects},
  author = {Reagen, Brandon and Adolf, Robert and Whatmough, Paul and Wei, Gu-Yeon and Brooks, David},
  year = {2017},
  publisher = {Springer International Publishing},
  doi = {10.1007/978-3-031-01756-8},
  isbn = {9783031006289,9783031017568},
  issn = {1935-3235,1935-3243},
  url = {https://doi.org/10.1007/978-3-031-01756-8},
  source = {Crossref},
}

@article{rosenblatt1958perceptron,
  title = {The perceptron: A probabilistic model for information storage and organization in the brain.},
  author = {Rosenblatt, F.},
  year = {1958},
  journal = {Psychological Review},
  publisher = {American Psychological Association (APA)},
  volume = {65},
  number = {6},
  pages = {386--408},
  doi = {10.1037/h0042519},
  issn = {1939-1471,0033-295X},
  url = {https://doi.org/10.1037/h0042519},
  source = {Crossref},
}

@article{rumelhart1986learning,
  title = {Learning representations by back-propagating errors},
  author = {Rumelhart, David E. and Hinton, Geoffrey E. and Williams, Ronald J.},
  year = {1986},
  month = oct,
  journal = {Nature},
  publisher = {Springer Science and Business Media LLC},
  volume = {323},
  number = {6088},
  pages = {533--536},
  doi = {10.1038/323533a0},
  issn = {0028-0836,1476-4687},
  url = {https://doi.org/10.1038/323533a0},
  source = {Crossref},
}

@inproceedings{vaswani2017attention,
  title = {The Best of Both Worlds: Combining Recent Advances in Neural Machine Translation},
  author = {
    Chen, Mia Xu and Firat, Orhan and Bapna, Ankur and Johnson, Melvin and Macherey, Wolfgang and
    Foster, George and Jones, Llion and Schuster, Mike and Shazeer, Noam and Parmar, Niki and
    Vaswani, Ashish and Uszkoreit, Jakob and Kaiser, Lukasz and Chen, Zhifeng and Wu, Yonghui and
    Hughes, Macduff
  },
  year = {2018},
  journal = {Advances in Neural Information Processing Systems},
  booktitle = {
    Proceedings of the 56th Annual Meeting of the Association for Computational Linguistics (Volume
    1: Long Papers)
  },
  publisher = {Association for Computational Linguistics},
  volume = {30},
  pages = {5998--6008},
  doi = {10.18653/v1/p18-1008},
  url = {https://doi.org/10.18653/v1/p18-1008},
  source = {Crossref},
}
