@inproceedings{reddi2024mlsysbook,
  title        = {MLSysBook.AI: Principles and Practices of Machine Learning Systems Engineering},
  author       = {Reddi, Vijay Janapa},
  booktitle    = {2024 International Conference on Hardware/Software Codesign and System Synthesis (CODES+ ISSS)},
  pages        = {41--42},
  year         = {2024},
  organization = {IEEE},
  url          = {https://mlsysbook.org},
  note         = {Available at: https://mlsysbook.org}
}
