% Placeholder bibliography file for Emerging Trends chapter
% This file will contain references to research papers, industry reports,
% and other sources related to emerging trends in ML systems

@article{placeholder2024,
  title={Placeholder Reference for Emerging Trends},
  author={Author, Sample},
  journal={Future ML Systems},
  year={2024},
  note={This is a placeholder reference}
} 