@inproceedings{amershi2019software,
  title = {Software Engineering for Machine Learning: A Case Study},
  author = {
    Amershi, Saleema and Begel, Andrew and Bird, Christian and DeLine, Robert and Gall, Harald and
    Kamar, Ece and Nagappan, Nachiappan and Nushi, Besmira and Zimmermann, Thomas
  },
  year = {2019},
  month = may,
  journal = {
    Proceedings of the 41st International Conference on Software Engineering: Software Engineering
    in Practice
  },
  booktitle = {
    2019 IEEE/ACM 41st International Conference on Software Engineering: Software Engineering in
    Practice (ICSE-SEIP)
  },
  publisher = {IEEE},
  pages = {291--300},
  doi = {10.1109/icse-seip.2019.00042},
  url = {https://doi.org/10.1109/icse-seip.2019.00042},
  source = {Crossref},
}

@article{gulshan2016deep,
  title = {
    Development and Validation of a Deep Learning Algorithm for Detection of Diabetic Retinopathy
    in Retinal Fundus Photographs
  },
  author = {
    Gulshan, Varun and Peng, Lily and Coram, Marc and Stumpe, Martin C. and Wu, Derek and
    Narayanaswamy, Arunachalam and Venugopalan, Subhashini and Widner, Kasumi and Madams, Tom and
    Cuadros, Jorge and Kim, Ramasamy and Raman, Rajiv and Nelson, Philip C. and Mega, Jessica L.
    and Webster, Dale R.
  },
  year = {2016},
  month = dec,
  journal = {JAMA},
  publisher = {American Medical Association (AMA)},
  volume = {316},
  number = {22},
  pages = {2402},
  doi = {10.1001/jama.2016.17216},
  issn = {0098-7484},
  url = {https://doi.org/10.1001/jama.2016.17216},
  source = {Crossref},
}
