@inproceedings{altayeb2022classifying,
 author = {Altayeb, Moez and Zennaro, Marco and Rovai, Marcelo},
 booktitle = {Proceedings of the 2022 ACM Conference on Information Technology for Social Good},
 doi = {10.1145/3524458.3547258},
 pages = {132--137},
 publisher = {ACM},
 source = {Crossref},
 title = {Classifying mosquito wingbeat sound using {TinyML}},
 url = {https://doi.org/10.1145/3524458.3547258},
 year = {2022}
}

@inproceedings{bamoumen2022tinyml,
 author = {Bamoumen, Hatim and Temouden, Anas and Benamar, Nabil and Chtouki, Yousra},
 booktitle = {2022 International Conference on Innovation and Intelligence for Informatics, Computing, and Technologies (3ICT)},
 doi = {10.1109/3ict56508.2022.9990661},
 organization = {IEEE},
 pages = {338--343},
 publisher = {IEEE},
 source = {Crossref},
 title = {How {TinyML} Can be Leveraged to Solve Environmental Problems: {A} Survey},
 url = {https://doi.org/10.1109/3ict56508.2022.9990661},
 year = {2022}
}

@article{duisterhof2019learning,
 author = {Duisterhof, Bardienus P and Krishnan, Srivatsan and Cruz, Jonathan J and Banbury, Colby R and Fu, William and Faust, Aleksandra and de Croon, Guido CHE and Reddi, Vijay Janapa},
 journal = {ArXiv preprint},
 title = {Learning to seek: {Autonomous} source seeking with deep reinforcement learning onboard a nano drone microcontroller},
 url = {https://arxiv.org/abs/1909.11236},
 volume = {abs/1909.11236},
 year = {2019}
}

@inproceedings{duisterhof2021sniffy,
 author = {Duisterhof, Bardienus P. and Li, Shushuai and Burgues, Javier and Reddi, Vijay Janapa and de Croon, Guido C. H. E.},
 booktitle = {2021 IEEE/RSJ International Conference on Intelligent Robots and Systems (IROS)},
 doi = {10.1109/iros51168.2021.9636217},
 organization = {IEEE},
 pages = {9099--9106},
 publisher = {IEEE},
 source = {Crossref},
 title = {Sniffy Bug: {A} Fully Autonomous Swarm of Gas-Seeking Nano Quadcopters in Cluttered Environments},
 url = {https://doi.org/10.1109/iros51168.2021.9636217},
 year = {2021}
}

@article{jia2023life,
 author = {Jia, Zhenge and Li, Dawei and Xu, Xiaowei and Li, Na and Hong, Feng and Ping, Lichuan and Shi, Yiyu},
 doi = {10.1038/s42256-023-00659-9},
 issn = {2522-5839},
 journal = {Nature Machine Intelligence},
 number = {5},
 pages = {554--555},
 publisher = {Springer Science and Business Media LLC},
 source = {Crossref},
 title = {Life-threatening ventricular arrhythmia detection challenge in implantable cardioverter{\textendash}defibrillators},
 url = {https://doi.org/10.1038/s42256-023-00659-9},
 volume = {5},
 year = {2023}
}

@inproceedings{ooko2021tinyml,
 author = {Ooko, Samson Otieno and Muyonga Ogore, Marvin and Nsenga, Jimmy and Zennaro, Marco},
 booktitle = {2021 IEEE Globecom Workshops (GC Wkshps)},
 doi = {10.1109/gcwkshps52748.2021.9682107},
 organization = {IEEE},
 pages = {1--6},
 publisher = {IEEE},
 source = {Crossref},
 title = {{TinyML} in Africa: {Opportunities} and Challenges},
 url = {https://doi.org/10.1109/gcwkshps52748.2021.9682107},
 year = {2021}
}

@article{ramcharan2017deep,
 author = {Ramcharan, Amanda and Baranowski, Kelsee and McCloskey, Peter and Ahmed, Babuali and Legg, James and Hughes, David P.},
 doi = {10.3389/fpls.2017.01852},
 issn = {1664-462X},
 journal = {Front. Plant Sci.},
 pages = {1852},
 publisher = {Frontiers Media SA},
 source = {Crossref},
 title = {Deep Learning for Image-Based Cassava Disease Detection},
 url = {https://doi.org/10.3389/fpls.2017.01852},
 volume = {8},
 year = {2017}
}

@misc{rao2021,
 author = {Rao, Ravi},
 journal = {www.wevolver.com},
 month = {Dec},
 url = {https://www.wevolver.com/article/tinyml-unlocks-new-possibilities-for-sustainable-development-technologies},
 year = {2021}
}

@article{seyedzadeh2018machine,
 author = {Seyedzadeh, Saleh and Rahimian, Farzad Pour and Glesk, Ivan and Roper, Marc},
 doi = {10.1186/s40327-018-0064-7},
 issn = {2213-7459},
 journal = {Visualization in Engineering},
 number = {1},
 pages = {1--20},
 publisher = {Springer Science and Business Media LLC},
 source = {Crossref},
 title = {Machine learning for estimation of building energy consumption and performance: {A} review},
 url = {https://doi.org/10.1186/s40327-018-0064-7},
 volume = {6},
 year = {2018}
}

@article{tirtalistyani2022indonesia,
 author = {Tirtalistyani, Rose and Murtiningrum, Murtiningrum and Kanwar, Rameshwar S.},
 doi = {10.3390/su141912477},
 issn = {2071-1050},
 journal = {Sustainability},
 number = {19},
 pages = {12477},
 publisher = {MDPI AG},
 source = {Crossref},
 title = {{Indonesia} Rice Irrigation System: {Time} for Innovation},
 url = {https://doi.org/10.3390/su141912477},
 volume = {14},
 year = {2022}
}

@misc{vectorborne,
 howpublished = {https://www.who.int/news-room/fact-sheets/detail/vector-borne-diseases},
 note = {(Accessed on 10/17/2023)},
 title = {Vector-borne diseases}
}

@misc{verma2022elephant,
 author = {Verma, Team Dual\_Boot: Swapnil},
 bdsk-url-1 = {https://www.hackster.io/dual\_boot/elephant-ai-ba71e9},
 journal = {Hackster.io},
 title = {Elephant {AI}},
 url = {https://www.hackster.io/dual\_boot/elephant-ai-ba71e9},
 year = {2022}
}

@article{vinuesa2020role,
 author = {Vinuesa, Ricardo and Azizpour, Hossein and Leite, Iolanda and Balaam, Madeline and Dignum, Virginia and Domisch, Sami and Fell\"ander, Anna and Langhans, Simone Daniela and Tegmark, Max and Fuso Nerini, Francesco},
 doi = {10.1038/s41467-019-14108-y},
 issn = {2041-1723},
 journal = {Nat. Commun.},
 number = {1},
 pages = {1--10},
 publisher = {Springer Science and Business Media LLC},
 source = {Crossref},
 title = {The role of artificial intelligence in achieving the Sustainable Development Goals},
 url = {https://doi.org/10.1038/s41467-019-14108-y},
 volume = {11},
 year = {2020}
}

@inproceedings{zennaro2022tinyml,
 author = {Zennaro, Marco and Plancher, Brian and Reddi, V Janapa},
 booktitle = {The UN 7th Multi-stakeholder Forum on Science, Technology and Innovation for the Sustainable Development Goals},
 pages = {2022--05},
 title = {{TinyML:} {Applied} {AI} for development},
 year = {2022}
}
