@article{banbury2021mlperf,
  title = {MLPerf Tiny Benchmark},
  author = {
    Banbury, Colby and Reddi, Vijay Janapa and Torelli, Peter and Holleman, Jeremy and Jeffries,
    Nat and Kiraly, Csaba and Montino, Pietro and Kanter, David and Ahmed, Sebastian and Pau,
    Danilo and Thakker, Urmish and Torrini, Antonio and Warden, Peter and Cordaro, Jay and
    Guglielmo, Giuseppe Di and Duarte, Javier and Gibellini, Stephen and Parekh, Videet and Tran,
    Honson and Tran, Nhan and Wenxu, Niu and Xuesong, Xu
  },
  journal = {arXiv preprint arXiv:2106.07597},
  url = {http://arxiv.org/abs/2106.07597v4},
  date = {2021-06-14},
  primaryclass = {cs.LG},
  archiveprefix = {arXiv},
}

@article{Barroso2003,
  title = {The Case for Energy-Proportional Computing},
  author = {Barroso, Luiz Andr\'{e} and H\"{o}lzle, Urs},
  journal = {Computer},
  publisher = {Institute of Electrical and Electronics Engineers (IEEE)},
  volume = {40},
  number = {12},
  pages = {33--37},
  doi = {10.1109/mc.2007.443},
  issn = {0018-9162},
  url = {https://doi.org/10.1109/mc.2007.443},
  source = {Crossref},
  date = {2007-12},
}

@book{barroso2019datacenter,
  title = {The Datacenter as a Computer},
  author = {Barroso, Luiz Andr\'{e} and H\"{o}lzle, Urs and Ranganathan, Parthasarathy},
  publisher = {Springer International Publishing},
  doi = {10.1007/978-3-031-01761-2},
  isbn = {9783031006333,9783031017612},
  issn = {1935-3235,1935-3243},
  url = {https://doi.org/10.1007/978-3-031-01761-2},
  source = {Crossref},
  subtitle = {Designing Warehouse-Scale Machines},
  date = {2019},
}

@book{barroso2022datacenter,
  title = {The Datacenter as a Computer},
  author = {Barroso, Luiz Andr\'{e} and Clidaras, Jimmy and H\"{o}lzle, Urs},
  publisher = {Springer International Publishing},
  doi = {10.1007/978-3-031-01741-4},
  isbn = {9783031017414},
  issn = {1935-3235,1935-3243},
  url = {https://doi.org/10.1007/978-3-031-01741-4},
  source = {Crossref},
  subtitle = {An Introduction to the Design of Warehouse-Scale Machines},
  date = {2013},
}

@inproceedings{bender2021stochastic,
  title = {On the Dangers of Stochastic Parrots},
  author = {Bender, Emily M. and Gebru, Timnit and McMillan-Major, Angelina and Shmitchell, Shmargaret},
  booktitle = {Proceedings of the 2021 ACM Conference on Fairness, Accountability, and Transparency},
  publisher = {ACM},
  pages = {610--623},
  doi = {10.1145/3442188.3445922},
  url = {https://doi.org/10.1145/3442188.3445922},
  source = {Crossref},
  subtitle = {Can Language Models Be Too Big? ðŸ¦œ},
  date = {2021-03},
}

@article{beyer2020we,
  title = {Are we done with ImageNet?},
  author = {
    Beyer, Lucas and H\'{e}naff, Olivier J. and Kolesnikov, Alexander and Zhai, Xiaohua and van den
    Oord, A\"{a}ron
  },
  journal = {arXiv preprint arXiv:2006.07159},
  url = {http://arxiv.org/abs/2006.07159v1},
  date = {2020-06-12},
  primaryclass = {cs.CV},
  archiveprefix = {arXiv},
}

@inproceedings{BoroumandASPLOS2018,
  title = {Google Workloads for Consumer Devices: Mitigating Data Movement Bottlenecks},
  author = {
    Amirali Boroumand and Saugata Ghose and Youngsok Kim and Rachata Ausavarungnirun and Eric Shiu
    and Rahul Thakur and Daehyun Kim and Aki Kuusela and Allan Knies and Parthasarathy Ranganathan
    and Onur Mutlu
  },
  year = {2018},
  booktitle = {
    Proceedings of the Twenty-Third International Conference on Architectural Support for
    Programming Languages and Operating Systems
  },
  publisher = {Association for Computing Machinery},
  series = {ASPLOS '18},
  pages = {316--331},
  doi = {10.1145/3173162.3173177},
  url = {https://doi.org/10.1145/3173162.3173177},
}

@article{brown2020language,
  title = {Language Models are Few-Shot Learners},
  author = {
    Brown, Tom B. and Mann, Benjamin and Ryder, Nick and Subbiah, Melanie and Kaplan, Jared and
    Dhariwal, Prafulla and Neelakantan, Arvind and Shyam, Pranav and Sastry, Girish and Askell,
    Amanda and Agarwal, Sandhini and Herbert-Voss, Ariel and Krueger, Gretchen and Henighan, Tom
    and Child, Rewon and Ramesh, Aditya and Ziegler, Daniel M. and Wu, Jeffrey and Winter, Clemens
    and Hesse, Christopher and Chen, Mark and Sigler, Eric and Litwin, Mateusz and Gray, Scott and
    Chess, Benjamin and Clark, Jack and Berner, Christopher and McCandlish, Sam and Radford, Alec
    and Sutskever, Ilya and Amodei, Dario
  },
  journal = {Advances in Neural Information Processing Systems},
  booktitle = {
    Advances in Neural Information Processing Systems 33: Annual Conference on Neural Information
    Processing Systems 2020, NeurIPS 2020, December 6-12, 2020, virtual
  },
  volume = {33},
  pages = {1877--1901},
  doi = {10.48550/arxiv.2005.14165},
  url = {http://arxiv.org/abs/2005.14165v4},
  date = {2020-05-28},
  primaryclass = {cs.CL},
  archiveprefix = {arXiv},
  editor = {
    Larochelle, Hugo and Ranzato, Marc'Aurelio and Hadsell, Raia and Balcan, Maria-Florina and Lin,
    Hsuan-Tien
  },
  bibsource = {dblp computer science bibliography, https://dblp.org},
  biburl = {https://dblp.org/rec/conf/nips/BrownMRSKDNSSAA20.bib},
  eprint = {2005.14165},
  eprinttype = {arxiv},
  timestamp = {Tue, 19 Jan 2021 00:00:00 +0100},
}

@inproceedings{buolamwini2018gender,
  title = {Gender Shades: Intersectional Accuracy Disparities in Commercial Gender Classification.},
  author = {Buolamwini, Joy and Gebru, Timnit},
  year = {2018},
  journal = {FAT},
  booktitle = {Conference on fairness, accountability and transparency},
  pages = {77--91},
  url = {http://proceedings.mlr.press/v81/buolamwini18a.html},
  source = {DBLP},
  organization = {PMLR},
}

@inproceedings{chu2021discovering,
  title = {Discovering Multi-Hardware Mobile Models via Architecture Search},
  author = {
    Chu, Grace and Arikan, Okan and Bender, Gabriel and Wang, Weijun and Brighton, Achille and
    Kindermans, Pieter-Jan and Liu, Hanxiao and Akin, Berkin and Gupta, Suyog and Howard, Andrew
  },
  journal = {Advances in Neural Information Processing Systems},
  booktitle = {2021 IEEE/CVF Conference on Computer Vision and Pattern Recognition Workshops (CVPRW)},
  publisher = {IEEE},
  volume = {34},
  pages = {3016--3025},
  doi = {10.1109/cvprw53098.2021.00337},
  url = {https://doi.org/10.1109/cvprw53098.2021.00337},
  source = {Crossref},
  date = {2021-06},
}

@article{curnow1976synthetic,
  title = {A synthetic benchmark},
  author = {Curnow, H. J.},
  journal = {The Computer Journal},
  publisher = {Oxford University Press (OUP)},
  volume = {19},
  number = {1},
  pages = {43--49},
  doi = {10.1093/comjnl/19.1.43},
  issn = {0010-4620,1460-2067},
  url = {https://doi.org/10.1093/comjnl/19.1.43},
  source = {Crossref},
  date = {1976-01-01},
}

@inproceedings{deng2009imagenet,
  title = {ImageNet: A large-scale hierarchical image database},
  author = {Jia Deng and Wei Dong and Socher, R. and Li-Jia Li and Kai Li and Li Fei-Fei},
  journal = {2009 IEEE conference on computer vision and pattern recognition},
  booktitle = {2009 IEEE Conference on Computer Vision and Pattern Recognition},
  publisher = {IEEE},
  pages = {248--255},
  doi = {10.1109/cvprw.2009.5206848},
  url = {https://doi.org/10.1109/cvprw.2009.5206848},
  source = {Crossref},
  date = {2009-06},
  organization = {Ieee},
}

@article{duarte2022fastml,
  title = {FastML Science Benchmarks: Accelerating Real-Time Scientific Edge Machine Learning},
  author = {
    Duarte, Javier and Tran, Nhan and Hawks, Ben and Herwig, Christian and Muhizi, Jules and
    Prakash, Shvetank and Reddi, Vijay Janapa
  },
  journal = {arXiv preprint arXiv:2207.07958},
  url = {http://arxiv.org/abs/2207.07958v1},
  date = {2022-07-16},
  primaryclass = {cs.LG},
  archiveprefix = {arXiv},
}

@article{duarte2022fastmlsciencebenchmarksaccelerating,
  title = {FastML Science Benchmarks: Accelerating Real-Time Scientific Edge Machine Learning},
  author = {
    Duarte, Javier and Tran, Nhan and Hawks, Ben and Herwig, Christian and Muhizi, Jules and
    Prakash, Shvetank and Reddi, Vijay Janapa
  },
  url = {http://arxiv.org/abs/2207.07958v1},
  date = {2022-07-16},
  primaryclass = {cs.LG},
  archiveprefix = {arXiv},
  eprint = {2207.07958},
}

@article{everingham2010pascal,
  title = {The Pascal Visual Object Classes (VOC) Challenge},
  author = {
    Everingham, Mark and Van Gool, Luc and Williams, Christopher K. I. and Winn, John and
    Zisserman, Andrew
  },
  journal = {International Journal of Computer Vision},
  publisher = {Springer Science and Business Media LLC},
  volume = {88},
  number = {2},
  pages = {303--338},
  doi = {10.1007/s11263-009-0275-4},
  issn = {0920-5691,1573-1405},
  url = {https://doi.org/10.1007/s11263-009-0275-4},
  source = {Crossref},
  date = {2009-09-09},
}

@article{gadre2024datacomp,
  title = {Eigenphase distributions of unimodular circular ensembles},
  author = {Nishigaki, Shinsuke},
  journal = {arXiv preprint arXiv:2401.09045},
  volume = {36},
  url = {http://arxiv.org/abs/2401.09045v2},
  date = {2024-01-17},
  primaryclass = {math-ph},
  archiveprefix = {arXiv},
}

@article{gebru2021datasheets,
  title = {Datasheets for datasets},
  author = {
    Gebru, Timnit and Morgenstern, Jamie and Vecchione, Briana and Vaughan, Jennifer Wortman and
    Wallach, Hanna and III, Hal Daum\'{e} and Crawford, Kate
  },
  journal = {Communications of the ACM},
  publisher = {Association for Computing Machinery (ACM)},
  volume = {64},
  number = {12},
  pages = {86--92},
  doi = {10.1145/3458723},
  issn = {0001-0782,1557-7317},
  url = {https://doi.org/10.1145/3458723},
  source = {Crossref},
  date = {2021-11-19},
}

@article{henderson2020towards,
  title = {Towards the Systematic Reporting of the Energy and Carbon Footprints of Machine Learning},
  author = {
    Henderson, Peter and Hu, Jieru and Romoff, Joshua and Brunskill, Emma and Jurafsky, Dan and
    Pineau, Joelle
  },
  journal = {CoRR},
  volume = {abs/2002.05651},
  number = {248},
  pages = {1--43},
  doi = {10.48550/arxiv.2002.05651},
  url = {http://arxiv.org/abs/2002.05651v2},
  date = {2020-01-31},
  primaryclass = {cs.CY},
  archiveprefix = {arXiv},
  source = {DBLP},
  eprint = {2002.05651},
}

@article{Hennessy2003,
  title = {Computer Architecture: A Quantitative Approach},
  author = {Hennessy, John L and Patterson, David A},
  year = {2003},
  journal = {Morgan Kaufmann},
}

@article{hernandez2020measuring,
  title = {Measuring the Algorithmic Efficiency of Neural Networks},
  author = {Hernandez, Danny and Brown, Tom B.},
  journal = {arXiv preprint arXiv:2007.03051},
  doi = {10.48550/arxiv.2005.04305},
  url = {http://arxiv.org/abs/2005.04305v1},
  date = {2020-05-08},
  primaryclass = {cs.LG},
  archiveprefix = {arXiv},
  eprint = {2005.04305},
}

@article{hirschberg2015advances,
  title = {Advances in natural language processing},
  author = {Hirschberg, Julia and Manning, Christopher D.},
  journal = {Science},
  booktitle = {Science},
  publisher = {American Association for the Advancement of Science (AAAS)},
  volume = {349},
  number = {6245},
  pages = {261--266},
  doi = {10.1126/science.aaa8685},
  issn = {0036-8075,1095-9203},
  url = {https://doi.org/10.1126/science.aaa8685},
  source = {Crossref},
  date = {2015-07-17},
  organization = {American Association for the Advancement of Science},
}

@article{hooker2021hardware,
  title = {On additive spanners in weighted graphs with local error},
  author = {Ahmed, Reyan and Bodwin, Greg and Hamm, Keaton and Kobourov, Stephen and Spence, Richard},
  journal = {arXiv preprint arXiv:2103.09731},
  publisher = {Association for Computing Machinery (ACM)},
  volume = {64},
  number = {12},
  pages = {58--65},
  doi = {10.1145/3467017},
  issn = {0001-0782,1557-7317},
  url = {http://arxiv.org/abs/2103.09731v2},
  date = {2021-03-17},
  primaryclass = {cs.DM},
  archiveprefix = {arXiv},
  source = {Crossref},
}

@inproceedings{janapa2022mlperf,
  title = {MLPerf Mobile v2. 0: An Industry-Standard Benchmark Suite for Mobile Machine Learning},
  author = {Janapa Reddi, Vijay and others},
  year = {2022},
  journal = {Proceedings of Machine Learning and Systems},
  booktitle = {Proceedings of Machine Learning and Systems},
  volume = {4},
  pages = {806--823},
}

@inproceedings{jouppi2017datacenter,
  title = {In-Datacenter Performance Analysis of a Tensor Processing Unit},
  author = {
    Jouppi, Norman P. and Young, Cliff and Patil, Nishant and Patterson, David and Agrawal, Gaurav
    and Bajwa, Raminder and Bates, Sarah and Bhatia, Suresh and Boden, Nan and Borchers, Al and
    Boyle, Rick and Cantin, Pierre-luc and Chao, Clifford and Clark, Chris and Coriell, Jeremy and
    Daley, Mike and Dau, Matt and Dean, Jeffrey and Gelb, Ben and Ghaemmaghami, Tara Vazir and
    Gottipati, Rajendra and Gulland, William and Hagmann, Robert and Ho, C. Richard and Hogberg,
    Doug and Hu, John and Hundt, Robert and Hurt, Dan and Ibarz, Julian and Jaffey, Aaron and
    Jaworski, Alek and Kaplan, Alexander and Khaitan, Harshit and Killebrew, Daniel and Koch, Andy
    and Kumar, Naveen and Lacy, Steve and Laudon, James and Law, James and Le, Diemthu and Leary,
    Chris and Liu, Zhuyuan and Lucke, Kyle and Lundin, Alan and MacKean, Gordon and Maggiore,
    Adriana and Mahony, Maire and Miller, Kieran and Nagarajan, Rahul and Narayanaswami, Ravi and
    Ni, Ray and Nix, Kathy and Norrie, Thomas and Omernick, Mark and Penukonda, Narayana and
    Phelps, Andy and Ross, Jonathan and Ross, Matt and Salek, Amir and Samadiani, Emad and Severn,
    Chris and Sizikov, Gregory and Snelham, Matthew and Souter, Jed and Steinberg, Dan and Swing,
    Andy and Tan, Mercedes and Thorson, Gregory and Tian, Bo and Toma, Horia and Tuttle, Erick and
    Vasudevan, Vijay and Walter, Richard and Wang, Walter and Wilcox, Eric and Yoon, Doe Hyun
  },
  journal = {Proceedings of the 44th annual international symposium on computer architecture},
  booktitle = {Proceedings of the 44th Annual International Symposium on Computer Architecture},
  publisher = {ACM},
  volume = {45},
  number = {2},
  pages = {1--12},
  doi = {10.1145/3079856.3080246},
  issn = {0163-5964},
  url = {https://doi.org/10.1145/3079856.3080246},
  source = {Crossref},
  date = {2017-06-24},
}

@inproceedings{jouppi2021ten,
  title = {Ten Lessons From Three Generations Shaped Google's TPUv4i : Industrial Product},
  author = {
    Jouppi, Norman P. and Hyun Yoon, Doe and Ashcraft, Matthew and Gottscho, Mark and Jablin,
    Thomas B. and Kurian, George and Laudon, James and Li, Sheng and Ma, Peter and Ma, Xiaoyu and
    Norrie, Thomas and Patil, Nishant and Prasad, Sushma and Young, Cliff and Zhou, Zongwei and
    Patterson, David
  },
  journal = {Communications of the ACM},
  booktitle = {2021 ACM/IEEE 48th Annual International Symposium on Computer Architecture (ISCA)},
  publisher = {IEEE},
  volume = {64},
  number = {5},
  pages = {1--14},
  doi = {10.1109/isca52012.2021.00010},
  url = {https://doi.org/10.1109/isca52012.2021.00010},
  source = {Crossref},
  date = {2021-06},
}

@inproceedings{kiela2021dynabench,
  title = {Dynabench: Rethinking Benchmarking in NLP},
  author = {
    Kiela, Douwe and Bartolo, Max and Nie, Yixin and Kaushik, Divyansh and Geiger, Atticus and Wu,
    Zhengxuan and Vidgen, Bertie and Prasad, Grusha and Singh, Amanpreet and Ringshia, Pratik and
    Ma, Zhiyi and Thrush, Tristan and Riedel, Sebastian and Waseem, Zeerak and Stenetorp, Pontus
    and Jia, Robin and Bansal, Mohit and Potts, Christopher and Williams, Adina
  },
  journal = {Transactions of the Association for Computational Linguistics},
  booktitle = {
    Proceedings of the 2021 Conference of the North American Chapter of the Association for
    Computational Linguistics: Human Language Technologies
  },
  publisher = {Association for Computational Linguistics},
  address = {Online},
  volume = {9},
  pages = {418--434},
  doi = {10.18653/v1/2021.naacl-main.324},
  url = {https://doi.org/10.18653/v1/2021.naacl-main.324},
  source = {Crossref},
  date = {2021},
  primaryclass = {cs.CL},
  archiveprefix = {arXiv},
}

@inproceedings{kim2008system,
  title = {System-Level Analysis of Fast, Per-Core DVFS Using On-Chip Switching Regulators},
  author = {Kim, Wonyoung and Gupta, Meeta S. and Wei, Gu-Yeon and Brooks, David},
  year = {2008},
  booktitle = {14th International Symposium on High-Performance Computer Architecture},
  publisher = {IEEE Computer Society},
  series = {HPCA '08},
  pages = {123--134},
  doi = {10.1109/HPCA.2008.4658633},
  url = {https://doi.org/10.1109/HPCA.2008.4658633},
}

@inproceedings{koh2021wilds,
  title = {WILDS: A Benchmark of in-the-Wild Distribution Shifts.},
  author = {
    Koh, Pang Wei and Sagawa, Shiori and Marklund, Henrik and Xie, Sang Michael and Zhang, Marvin
    and Balsubramani, Akshay and Hu, Weihua and Yasunaga, Michihiro and Phillips, Richard Lanas and
    Gao, Irena and Lee, Tony and David, Etienne and Stavness, Ian and 0002, Wei Guo and Earnshaw,
    Berton and Haque, Imran S. and Beery, Sara M. and Leskovec, Jure and Kundaje, Anshul and
    Pierson, Emma and Levine, Sergey and Finn, Chelsea and Liang, Percy
  },
  year = {2021},
  journal = {ICML},
  booktitle = {
    Proceedings of the 38th International Conference on Machine Learning, ICML 2021, 18-24 July
    2021, Virtual Event
  },
  publisher = {PMLR},
  series = {Proceedings of Machine Learning Research},
  volume = {139},
  pages = {5637--5664},
  url = {http://proceedings.mlr.press/v139/koh21a.html},
  source = {DBLP},
  editor = {Meila, Marina and Zhang, Tong},
  bibsource = {dblp computer science bibliography, https://dblp.org},
  biburl = {https://dblp.org/rec/conf/icml/KohSMXZBHYPGLDS21.bib},
  timestamp = {Tue, 13 Dec 2022 00:00:00 +0100},
}

@inproceedings{koizumi2019toyadmos,
  title = {ToyADMOS: A Dataset of Miniature-Machine Operating Sounds for Anomalous Sound Detection},
  author = {Koizumi, Yuma and Saito, Shoichiro and Uematsu, Hisashi and Harada, Noboru and Imoto, Keisuke},
  booktitle = {2019 IEEE Workshop on Applications of Signal Processing to Audio and Acoustics (WASPAA)},
  publisher = {IEEE},
  pages = {313--317},
  doi = {10.1109/waspaa.2019.8937164},
  url = {https://doi.org/10.1109/waspaa.2019.8937164},
  source = {Crossref},
  date = {2019-10},
  organization = {IEEE},
}

@article{krizhevsky2009learning,
  title = {Learning multiple layers of features from tiny images},
  author = {Krizhevsky, Alex and Hinton, Geoffrey and others},
  year = {2009},
  publisher = {Toronto, ON, Canada},
}

@article{lange2009identifying,
  title = {Identifying Shades of Green: The SPECpower Benchmarks},
  author = {Lange, Klaus-Dieter},
  journal = {Computer},
  publisher = {Institute of Electrical and Electronics Engineers (IEEE)},
  volume = {42},
  number = {3},
  pages = {95--97},
  doi = {10.1109/mc.2009.84},
  issn = {0018-9162},
  url = {https://doi.org/10.1109/mc.2009.84},
  source = {Crossref},
  date = {2009-03},
}

@article{lecun1998gradient,
  title = {Gradient-based learning applied to document recognition},
  author = {Lecun, Y. and Bottou, L. and Bengio, Y. and Haffner, P.},
  journal = {Proceedings of the IEEE},
  publisher = {Institute of Electrical and Electronics Engineers (IEEE)},
  volume = {86},
  number = {11},
  pages = {2278--2324},
  doi = {10.1109/5.726791},
  issn = {0018-9219},
  url = {https://doi.org/10.1109/5.726791},
  source = {Crossref},
  date = {1998},
}

@article{liang2022helm,
  title = {Holistic Evaluation of Language Models},
  author = {
    Liang, Percy and Bommasani, Rishi and Lee, Tony and Tsipras, Dimitris and Soylu, Dilara and
    Yasunaga, Michihiro and Zhang, Yian and Narayanan, Deepak and Wu, Yuhuai and Kumar, Ananya and
    Newman, Benjamin and Yuan, Binhang and Yan, Bobby and Zhang, Ce and Cosgrove, Christian and
    Manning, Christopher D. and R\'{e}, Christopher and Acosta-Navas, Diana and Hudson, Drew A. and
    Zelikman, Eric and Durmus, Esin and Ladhak, Faisal and Rong, Frieda and Ren, Hongyu and Yao,
    Huaxiu and Wang, Jue and Santhanam, Keshav and Orr, Laurel and Zheng, Lucia and Yuksekgonul,
    Mert and Suzgun, Mirac and Kim, Nathan and Guha, Neel and Chatterji, Niladri and Khattab, Omar
    and Henderson, Peter and Huang, Qian and Chi, Ryan and Xie, Sang Michael and Santurkar, Shibani
    and Ganguli, Surya and Hashimoto, Tatsunori and Icard, Thomas and Zhang, Tianyi and Chaudhary,
    Vishrav and Wang, William and Li, Xuechen and Mai, Yifan and Zhang, Yuhui and Koreeda, Yuta
  },
  journal = {arXiv preprint arXiv:2211.09110},
  url = {http://arxiv.org/abs/2211.09110v2},
  date = {2022-11-16},
  primaryclass = {cs.CL},
  archiveprefix = {arXiv},
}

@incollection{lin2014microsoft,
  title = {Microsoft COCO: Common Objects in Context},
  author = {
    Lin, Tsung-Yi and Maire, Michael and Belongie, Serge and Hays, James and Perona, Pietro and
    Ramanan, Deva and Doll\'{a}r, Piotr and Zitnick, C. Lawrence
  },
  booktitle = {Computer Vision â€“ ECCV 2014},
  publisher = {Springer International Publishing},
  pages = {740--755},
  doi = {10.1007/978-3-319-10602-1\_48},
  isbn = {9783319106014,9783319106021},
  issn = {0302-9743,1611-3349},
  url = {https://doi.org/10.1007/978-3-319-10602-1\_48},
  source = {Crossref},
  date = {2014},
  organization = {Springer},
}

@article{mattson2020mlperf,
  title = {MLPerf: An Industry Standard Benchmark Suite for Machine Learning Performance},
  author = {
    Mattson, Peter and Reddi, Vijay Janapa and Cheng, Christine and Coleman, Cody and Diamos, Greg
    and Kanter, David and Micikevicius, Paulius and Patterson, David and Schmuelling, Guenther and
    Tang, Hanlin and Wei, Gu-Yeon and Wu, Carole-Jean
  },
  journal = {IEEE Micro},
  publisher = {Institute of Electrical and Electronics Engineers (IEEE)},
  volume = {40},
  number = {2},
  pages = {8--16},
  doi = {10.1109/mm.2020.2974843},
  issn = {0272-1732,1937-4143},
  url = {https://doi.org/10.1109/mm.2020.2974843},
  source = {Crossref},
  date = {2020-03-01},
}

@inproceedings{mazumder2021multilingual,
  title = {Multilingual spoken words corpus},
  author = {
    Mazumder, Mark and Chitlangia, Sharad and Banbury, Colby and Kang, Yiping and Ciro, Juan Manuel
    and Achorn, Keith and Galvez, Daniel and Sabini, Mark and Mattson, Peter and Kanter, David and
    others
  },
  year = {2021},
  booktitle = {
    Thirty-fifth Conference on Neural Information Processing Systems Datasets and Benchmarks Track
    (Round 2)
  },
}

@article{merity2016pointer,
  title = {Pointer Sentinel Mixture Models},
  author = {Merity, Stephen and Xiong, Caiming and Bradbury, James and Socher, Richard},
  journal = {arXiv preprint arXiv:1609.07843},
  url = {http://arxiv.org/abs/1609.07843v1},
  date = {2016-09-26},
  primaryclass = {cs.CL},
  archiveprefix = {arXiv},
}

@article{northcutt2021pervasive,
  title = {Pervasive Label Errors in Test Sets Destabilize Machine Learning Benchmarks},
  author = {Northcutt, Curtis G. and Athalye, Anish and Mueller, Jonas},
  journal = {arXiv preprint arXiv:2103.14749},
  volume = {34},
  pages = {19075--19090},
  doi = {10.48550/arxiv.2103.14749},
  url = {http://arxiv.org/abs/2103.14749v4},
  date = {2021-03-26},
  primaryclass = {stat.ML},
  archiveprefix = {arXiv},
  eprint = {2103.14749},
}

@inproceedings{papineni2002bleu,
  title = {BLEU},
  author = {Papineni, Kishore and Roukos, Salim and Ward, Todd and Zhu, Wei-Jing},
  booktitle = {
    Proceedings of the 40th Annual Meeting on Association for Computational Linguistics  - ACL '02
  },
  publisher = {Association for Computational Linguistics},
  pages = {311},
  doi = {10.3115/1073083.1073135},
  url = {https://doi.org/10.3115/1073083.1073135},
  source = {Crossref},
  subtitle = {a method for automatic evaluation of machine translation},
  date = {2001},
}

@article{patterson2021carbon,
  title = {Carbon Emissions and Large Neural Network Training},
  author = {
    Patterson, David and Gonzalez, Joseph and Le, Quoc and Liang, Chen and Munguia, Lluis-Miquel
    and Rothchild, Daniel and So, David and Texier, Maud and Dean, Jeff
  },
  journal = {arXiv preprint arXiv:2104.10350},
  url = {http://arxiv.org/abs/2104.10350v3},
  date = {2021-04-21},
  primaryclass = {cs.LG},
  archiveprefix = {arXiv},
}

@article{rajpurkar2016squad,
  title = {SQuAD: 100,000+ Questions for Machine Comprehension of Text},
  author = {Rajpurkar, Pranav and Zhang, Jian and Lopyrev, Konstantin and Liang, Percy},
  journal = {arXiv preprint arXiv:1606.05250},
  booktitle = {Proceedings of the 2016 Conference on Empirical Methods in Natural Language Processing},
  publisher = {Association for Computational Linguistics},
  pages = {2383--2392},
  doi = {10.18653/v1/d16-1264},
  url = {http://arxiv.org/abs/1606.05250v3},
  date = {2016-06-16},
  primaryclass = {cs.CL},
  archiveprefix = {arXiv},
  source = {Crossref},
}

@article{ranganathan2024twenty,
  title = {Twenty Five Years of Warehouse-Scale Computing},
  author = {Ranganathan, Parthasarathy and H\"{o}lzle, Urs},
  journal = {IEEE Micro},
  publisher = {Institute of Electrical and Electronics Engineers (IEEE)},
  volume = {44},
  number = {5},
  pages = {11--22},
  doi = {10.1109/mm.2024.3409469},
  issn = {0272-1732,1937-4143},
  url = {https://doi.org/10.1109/mm.2024.3409469},
  source = {Crossref},
  date = {2024-09},
}

@article{reddi2020mlperf,
  title = {MLPerf Inference Benchmark},
  author = {
    Reddi, Vijay Janapa and Cheng, Christine and Kanter, David and Mattson, Peter and Schmuelling,
    Guenther and Wu, Carole-Jean and Anderson, Brian and Breughe, Maximilien and Charlebois, Mark
    and Chou, William and Chukka, Ramesh and Coleman, Cody and Davis, Sam and Deng, Pan and Diamos,
    Greg and Duke, Jared and Fick, Dave and Gardner, J. Scott and Hubara, Itay and Idgunji, Sachin
    and Jablin, Thomas B. and Jiao, Jeff and John, Tom St. and Kanwar, Pankaj and Lee, David and
    Liao, Jeffery and Lokhmotov, Anton and Massa, Francisco and Meng, Peng and Micikevicius,
    Paulius and Osborne, Colin and Pekhimenko, Gennady and Rajan, Arun Tejusve Raghunath and
    Sequeira, Dilip and Sirasao, Ashish and Sun, Fei and Tang, Hanlin and Thomson, Michael and Wei,
    Frank and Wu, Ephrem and Xu, Lingjie and Yamada, Koichi and Yu, Bing and Yuan, George and
    Zhong, Aaron and Zhang, Peizhao and Zhou, Yuchen
  },
  journal = {arXiv preprint arXiv:1911.02549},
  booktitle = {2020 ACM/IEEE 47th Annual International Symposium on Computer Architecture (ISCA)},
  publisher = {IEEE},
  pages = {446--459},
  doi = {10.1109/isca45697.2020.00045},
  url = {http://arxiv.org/abs/1911.02549v2},
  date = {2019-11-06},
  primaryclass = {cs.LG},
  archiveprefix = {arXiv},
  organization = {IEEE},
  source = {Crossref},
}

@article{sokolova2009systematic,
  title = {A systematic analysis of performance measures for classification tasks},
  author = {Sokolova, Marina and Lapalme, Guy},
  journal = {Information Processing \&amp; Management},
  publisher = {Elsevier BV},
  volume = {45},
  number = {4},
  pages = {427--437},
  doi = {10.1016/j.ipm.2009.03.002},
  issn = {0306-4573},
  url = {https://doi.org/10.1016/j.ipm.2009.03.002},
  source = {Crossref},
  date = {2009-07},
}

@article{tschand2024mlperf,
  title = {
    MLPerf Power: Benchmarking the Energy Efficiency of Machine Learning Systems from Microwatts to
    Megawatts for Sustainable AI
  },
  author = {
    Tschand, Arya and Rajan, Arun Tejusve Raghunath and Idgunji, Sachin and Ghosh, Anirban and
    Holleman, Jeremy and Kiraly, Csaba and Ambalkar, Pawan and Borkar, Ritika and Chukka, Ramesh
    and Cockrell, Trevor and Curtis, Oliver and Fursin, Grigori and Hodak, Miro and Kassa, Hiwot
    and Lokhmotov, Anton and Miskovic, Dejan and Pan, Yuechao and Manmathan, Manu Prasad and
    Raymond, Liz and John, Tom St. and Suresh, Arjun and Taubitz, Rowan and Zhan, Sean and Wasson,
    Scott and Kanter, David and Reddi, Vijay Janapa
  },
  journal = {arXiv preprint arXiv:2410.12032},
  url = {http://arxiv.org/abs/2410.12032v2},
  date = {2024-10-15},
  primaryclass = {cs.AR},
  archiveprefix = {arXiv},
}

@article{wang2018glue,
  title = {GLUE: A Multi-Task Benchmark and Analysis Platform for Natural Language Understanding},
  author = {
    Wang, Alex and Singh, Amanpreet and Michael, Julian and Hill, Felix and Levy, Omer and Bowman,
    Samuel R.
  },
  journal = {arXiv preprint arXiv:1804.07461},
  url = {http://arxiv.org/abs/1804.07461v3},
  date = {2018-04-20},
  primaryclass = {cs.CL},
  archiveprefix = {arXiv},
}

@article{wang2019superglue,
  title = {SuperGLUE: A Stickier Benchmark for General-Purpose Language Understanding Systems},
  author = {
    Wang, Alex and Pruksachatkun, Yada and Nangia, Nikita and Singh, Amanpreet and Michael, Julian
    and Hill, Felix and Levy, Omer and Bowman, Samuel R.
  },
  journal = {arXiv preprint arXiv:1905.00537},
  url = {http://arxiv.org/abs/1905.00537v3},
  date = {2019-05-02},
  primaryclass = {cs.CL},
  archiveprefix = {arXiv},
}

@article{Weicker1984,
  title = {Dhrystone},
  author = {Weicker, Reinhold P.},
  journal = {Communications of the ACM},
  publisher = {Association for Computing Machinery (ACM)},
  volume = {27},
  number = {10},
  pages = {1013--1030},
  doi = {10.1145/358274.358283},
  issn = {0001-0782,1557-7317},
  url = {https://doi.org/10.1145/358274.358283},
  source = {Crossref},
  subtitle = {a synthetic systems programming benchmark},
  date = {1984-10},
}

@article{xu2024benchmarking,
  title = {Benchmarking Benchmark Leakage in Large Language Models},
  author = {Xu, Ruijie and Wang, Zengzhi and Fan, Run-Ze and Liu, Pengfei},
  journal = {arXiv preprint arXiv:2404.18824},
  url = {http://arxiv.org/abs/2404.18824v1},
  date = {2024-04-29},
  primaryclass = {cs.CL},
  archiveprefix = {arXiv},
}
