%comment{This file was created with betterbib v5.0.11.}


@article{tran2022pruning,
 author = {Tran, Cuong and Fioretto, Ferdinando and Kim, Jung-Eun and Naidu, Rakshit},
 title = {Pruning has a disparate impact on model accuracy},
 journal = {Adv Neural Inf Process Syst},
 volume = {35},
 pages = {17652--17664},
 year = {2022},
}

@inproceedings{rachwan2022winning,
 author = {Rachwan, John and Z\"ugner, Daniel and Charpentier, Bertrand and Geisler, Simon and Ayle, Morgane and G\"unnemann, Stephan},
 title = {Winning the lottery ahead of time: {Efficient} early network pruning},
 booktitle = {International Conference on Machine Learning},
 pages = {18293--18309},
 year = {2022},
 organization = {PMLR},
}

@article{lubana2020gradient,
 author = {Lubana, Ekdeep Singh and Dick, Robert P},
 title = {A gradient flow framework for analyzing network pruning},
 journal = {arXiv preprint arXiv:2009.11839},
 year = {2020},
}

@inproceedings{yao2021hawq,
 author = {Yao, Zhewei and Dong, Zhen and Zheng, Zhangcheng and Gholami, Amir and Yu, Jiali and Tan, Eric and Wang, Leyuan and Huang, Qijing and Wang, Yida and Mahoney, Michael and others},
 title = {Hawq-v3: {Dyadic} neural network quantization},
 booktitle = {International Conference on Machine Learning},
 pages = {11875--11886},
 year = {2021},
 organization = {PMLR},
}

@inproceedings{jacob2018quantization,
 author = {Jacob, Benoit and Kligys, Skirmantas and Chen, Bo and Zhu, Menglong and Tang, Matthew and Howard, Andrew and Adam, Hartwig and Kalenichenko, Dmitry},
 title = {Quantization and training of neural networks for efficient integer-arithmetic-only inference},
 booktitle = {Proceedings of the IEEE conference on computer vision and pattern recognition},
 pages = {2704--2713},
 year = {2018},
}

@inproceedings{benmeziane2021hardwareaware,
 author = {Benmeziane, Hadjer and El Maghraoui, Kaoutar and Ouarnoughi, Hamza and Niar, Smail and Wistuba, Martin and Wang, Naigang},
 editor = {Zhou, Zhi-Hua},
 bdsk-url-1 = {https://doi.org/10.24963/ijcai.2021/592},
 booktitle = {Proceedings of the Thirtieth International Joint Conference on Artificial Intelligence},
 doi = {10.24963/ijcai.2021/592},
 note = {Survey Track},
 pages = {4322--4329},
 publisher = {International Joint Conferences on Artificial Intelligence Organization},
 source = {Crossref},
 title = {Hardware-Aware Neural Architecture Search: {Survey} and Taxonomy},
 url = {https://doi.org/10.24963/ijcai.2021/592},
 year = {2021},
 month = aug,
}

@inproceedings{cai2018proxylessnas,
 author = {Cai, Han and Zhu, Ligeng and Han, Song},
 bibsource = {dblp computer science bibliography, https://dblp.org},
 biburl = {https://dblp.org/rec/conf/iclr/CaiZH19.bib},
 booktitle = {7th International Conference on Learning Representations, ICLR 2019, New Orleans, LA, USA, May 6-9, 2019},
 publisher = {OpenReview.net},
 timestamp = {Tue, 24 Nov 2020 00:00:00 +0100},
 title = {{ProxylessNAS:} {Direct} Neural Architecture Search on Target Task and Hardware},
 url = {https://openreview.net/forum?id=HylVB3AqYm},
 year = {2019},
}

@article{qi2021efficient,
 author = {Qi, Chen and Shen, Shibo and Li, Rongpeng and Zhao, Zhifeng and Liu, Qing and Liang, Jing and Zhang, Honggang},
 title = {An efficient pruning scheme of deep neural networks for Internet of Things applications},
 journal = {EURASIP Journal on Advances in Signal Processing},
 volume = {2021},
 number = {1},
 pages = {31},
 year = {2021},
 publisher = {Springer Science and Business Media LLC},
 doi = {10.1186/s13634-021-00744-4},
 source = {Crossref},
 url = {https://doi.org/10.1186/s13634-021-00744-4},
 issn = {1687-6180},
 month = jun,
}

@inproceedings{chu2021discovering,
 author = {Chu, Grace and Arikan, Okan and Bender, Gabriel and Wang, Weijun and Brighton, Achille and Kindermans, Pieter-Jan and Liu, Hanxiao and Akin, Berkin and Gupta, Suyog and Howard, Andrew},
 bibsource = {dblp computer science bibliography, https://dblp.org},
 biburl = {https://dblp.org/rec/conf/cvpr/ChuABWBKLAG021.bib},
 booktitle = {2021 IEEE/CVF Conference on Computer Vision and Pattern Recognition Workshops (CVPRW)},
 doi = {10.1109/cvprw53098.2021.00337},
 pages = {3022--3031},
 publisher = {IEEE},
 timestamp = {Mon, 18 Jul 2022 01:00:00 +0200},
 title = {Discovering Multi-Hardware Mobile Models via Architecture Search},
 url = {https://doi.org/10.1109/cvprw53098.2021.00337},
 year = {2021},
 source = {Crossref},
 month = jun,
}

@inproceedings{dong2022splitnets,
 author = {Dong, Xin and De Salvo, Barbara and Li, Meng and Liu, Chiao and Qu, Zhongnan and Kung, H.T. and Li, Ziyun},
 bibsource = {dblp computer science bibliography, https://dblp.org},
 biburl = {https://dblp.org/rec/conf/cvpr/DongSLLQ0L22.bib},
 booktitle = {2022 IEEE/CVF Conference on Computer Vision and Pattern Recognition (CVPR)},
 doi = {10.1109/cvpr52688.2022.01223},
 pages = {12549--12559},
 publisher = {IEEE},
 timestamp = {Sun, 22 Jan 2023 00:00:00 +0100},
 title = {{SplitNets:} {Designing} Neural Architectures for Efficient Distributed Computing on Head-Mounted Systems},
 url = {https://doi.org/10.1109/cvpr52688.2022.01223},
 year = {2022},
 source = {Crossref},
 month = jun,
}

@misc{fahim2021hls4ml,
 author = {Fahim, Farah and Hawks, Benjamin and Herwig, Christian and Hirschauer, James and Jindariani, Sergo and Tran, Nhan and Carloni, Luca P. and Guglielmo, Giuseppe Di and Harris, Philip and Krupa, Jeffrey and Rankin, Dylan and Valentin, Manuel Blanco and Hester, Josiah and Luo, Yingyi and Mamish, John and Orgrenci-Memik, Seda and Aarrestad, Thea and Javed, Hamza and Loncar, Vladimir and Pierini, Maurizio and Pol, Adrian Alan and Summers, Sioni and Duarte, Javier and Hauck, Scott and Hsu, Shih-Chieh and Ngadiuba, Jennifer and Liu, Mia and Hoang, Duc and Kreinar, Edward and Wu, Zhenbin},
 archiveprefix = {arXiv},
 eprint = {2103.05579},
 primaryclass = {cs.LG},
 title = {hls4ml: {An} Open-Source Codesign Workflow to Empower Scientific Low-Power Machine Learning Devices},
 year = {2021},
}

@misc{gholami2021survey,
 author = {Gholami and Kim, Dong and Yao, Mahoney and Keutzer},
 journal = {ArXiv preprint},
 title = {A Survey of Quantization Methods for Efficient Neural Network Inference)},
 url = {https://arxiv.org/abs/2103.13630},
 volume = {abs/2103.13630},
 year = {2021},
}

@misc{google2023three,
 author = {Google},
 bdsk-url-1 = {https://storage.googleapis.com/gweb-cloudblog-publish/images/Three\_floating-point\_formats.max-624x261.png},
 title = {Three Floating Point Formats},
 url = {https://storage.googleapis.com/gweb-cloudblog-publish/images/Three\_floating-point\_formats.max-624x261.png},
 urldate = {2023-10-20},
 year = {2023},
}

@inproceedings{gordon2018morphnet,
 author = {Gordon, Ariel and Eban, Elad and Nachum, Ofir and Chen, Bo and Wu, Hao and Yang, Tien-Ju and Choi, Edward},
 booktitle = {2018 IEEE/CVF Conference on Computer Vision and Pattern Recognition},
 doi = {10.1109/cvpr.2018.00171},
 pages = {1586--1595},
 publisher = {IEEE},
 source = {Crossref},
 title = {{MorphNet:} {Fast} \&amp; Simple Resource-Constrained Structure Learning of Deep Networks},
 url = {https://doi.org/10.1109/cvpr.2018.00171},
 year = {2018},
 month = jun,
}

@misc{gu2023deep,
 author = {Gu, Ivy},
 bdsk-url-1 = {https://ivygdy.medium.com/deep-learning-model-compression-ii-546352ea9453},
 title = {Deep Learning Model Compression (ii) by Ivy Gu Medium},
 url = {https://ivygdy.medium.com/deep-learning-model-compression-ii-546352ea9453},
 urldate = {2023-10-20},
 year = {2023},
}

@article{han2015deep,
 author = {Han, Song and Mao, Huizi and Dally, William J},
 title = {Deep compression: {Compressing} deep neural networks with pruning, trained quantization and huffman coding},
 journal = {arXiv preprint arXiv:1510.00149},
 year = {2015},
}

@article{hawks2021psandqs,
 author = {Hawks, Benjamin and Duarte, Javier and Fraser, Nicholas J. and Pappalardo, Alessandro and Tran, Nhan and Umuroglu, Yaman},
 title = {Ps and Qs: {Quantization-aware} Pruning for Efficient Low Latency Neural Network Inference},
 volume = {4},
 issn = {2624-8212},
 url = {https://doi.org/10.3389/frai.2021.676564},
 doi = {10.3389/frai.2021.676564},
 journal = {Frontiers in Artificial Intelligence},
 publisher = {Frontiers Media SA},
 year = {2021},
 month = jul,
 source = {Crossref},
}

@misc{hegde2023introduction,
 author = {Hegde, Sumant},
 bdsk-url-1 = {https://www.analyticsvidhya.com/blog/2021/11/an-introduction-to-separable-convolutions/},
 title = {An Introduction to Separable Convolutions - Analytics Vidhya},
 url = {https://www.analyticsvidhya.com/blog/2021/11/an-introduction-to-separable-convolutions/},
 urldate = {2023-10-20},
 year = {2023},
}

@misc{hinton2015distilling,
 author = {Hinton, Geoffrey},
 archiveprefix = {arXiv},
 doi = {10.1002/0471743984.vse0673},
 eprint = {1503.02531},
 isbn = {9780471332305, 9780471743989},
 primaryclass = {stat.ML},
 publisher = {Wiley},
 source = {Crossref},
 title = {Van {Nostrand's} Scientific Encyclopedia},
 url = {https://doi.org/10.1002/0471743984.vse0673},
 year = {2005},
 month = oct,
}

@misc{howard2017mobilenets,
 author = {Howard, Andrew G. and Zhu, Menglong and Chen, Bo and Kalenichenko, Dmitry and Wang, Weijun and Weyand, Tobias and Andreetto, Marco and Adam, Hartwig},
 journal = {ArXiv preprint},
 title = {{MobileNets:} {Efficient} Convolutional Neural Networks for Mobile Vision Applications},
 url = {https://arxiv.org/abs/1704.04861},
 volume = {abs/1704.04861},
 year = {2017},
}

@article{iandola2016squeezenet,
 author = {Iandola, Forrest N and Han, Song and Moskewicz, Matthew W and Ashraf, Khalid and Dally, William J and Keutzer, Kurt},
 journal = {ArXiv preprint},
 title = {{SqueezeNet:} {Alexnet-level} accuracy with 50x fewer parameters and 0.5 {MB} model size},
 url = {https://arxiv.org/abs/1602.07360},
 volume = {abs/1602.07360},
 year = {2016},
}

@misc{intellabs2023knowledge,
 author = {IntelLabs},
 bdsk-url-1 = {https://intellabs.github.io/distiller/knowledge\_distillation.html},
 title = {Knowledge Distillation - Neural Network Distiller},
 url = {https://intellabs.github.io/distiller/knowledge_distillation.html},
 urldate = {2023-10-20},
 year = {2023},
}

@misc{isscc2014computings,
 author = {Isscc},
 bdsk-url-1 = {https://ieeexplore.ieee.org/document/6757323},
 title = {Computing's energy problem (and what we can do about it)},
 url = {https://ieeexplore.ieee.org/document/6757323},
 urldate = {2014-03-06},
 year = {2014},
}

@misc{jiang2019accuracy,
 author = {Hu, Yang and Jiang, Jie and Zhang, Lifu and Shi, Yunfeng and Shi, Jian},
 archiveprefix = {arXiv},
 eprint = {1901.11211},
 primaryclass = {cs.DC},
 title = {Halide Perovskite Semiconductors},
 year = {2023},
 doi = {10.1002/9783527829026.ch13},
 source = {Crossref},
 url = {https://doi.org/10.1002/9783527829026.ch13},
 publisher = {Wiley},
 isbn = {9783527348091, 9783527829026},
 pages = {351--375},
 month = dec,
}

@inproceedings{jonathan2019lottery,
 author = {Frankle, Jonathan and Carbin, Michael},
 bibsource = {dblp computer science bibliography, https://dblp.org},
 biburl = {https://dblp.org/rec/conf/iclr/FrankleC19.bib},
 booktitle = {7th International Conference on Learning Representations, ICLR 2019, New Orleans, LA, USA, May 6-9, 2019},
 publisher = {OpenReview.net},
 timestamp = {Thu, 25 Jul 2019 01:00:00 +0200},
 title = {The Lottery Ticket Hypothesis: {Finding} Sparse, Trainable Neural Networks},
 url = {https://openreview.net/forum?id=rJl-b3RcF7},
 year = {2019},
}

@article{koren2009matrix,
 author = {Koren, Yehuda and Bell, Robert and Volinsky, Chris},
 journal = {Computer},
 number = {8},
 pages = {30--37},
 publisher = {Institute of Electrical and Electronics Engineers (IEEE)},
 title = {Matrix Factorization Techniques for Recommender Systems},
 volume = {42},
 year = {2009},
 doi = {10.1109/mc.2009.263},
 source = {Crossref},
 url = {https://doi.org/10.1109/mc.2009.263},
 issn = {0018-9162},
 month = aug,
}

@misc{krishna2023raman,
 author = {Krishna, Adithya and Nudurupati, Srikanth Rohit and G, Chandana D and Dwivedi, Pritesh and van Schaik, Andr\'e and Mehendale, Mahesh and Thakur, Chetan Singh},
 archiveprefix = {arXiv},
 eprint = {2306.06493},
 primaryclass = {cs.NE},
 title = {{RAMAN:} {A} Re-configurable and Sparse {TinyML} Accelerator for Inference on Edge},
 year = {2023},
}

@misc{krishnamoorthi2018quantizing,
 author = {Krishnamoorthi},
 journal = {ArXiv preprint},
 title = {Quantizing deep convolutional networks for efficient inference: {A} whitepaper},
 url = {https://arxiv.org/abs/1806.08342},
 volume = {abs/1806.08342},
 year = {2018},
}

@misc{kung2018packing,
 author = {Kung, H. T. and McDanel, Bradley and Zhang, Sai Qian},
 archiveprefix = {arXiv},
 eprint = {1811.04770},
 primaryclass = {cs.LG},
 title = {Packing Sparse Convolutional Neural Networks for Efficient Systolic Array Implementations: {Column} Combining Under Joint Optimization},
 year = {2018},
}

@misc{kuzmin2022fp8,
 author = {Kuzmin, Andrey and Baalen, Mart Van and Ren, Yuwei and Nagel, Markus and Peters, Jorn and Blankevoort, Tijmen},
 archiveprefix = {arXiv},
 eprint = {2208.09225},
 primaryclass = {cs.LG},
 title = {{FP8} Quantization: {The} Power of the Exponent},
 year = {2022},
}

@article{kwon2021hardwaresoftware,
 author = {Kwon, Jisu and Park, Daejin},
 article-number = {11073},
 bdsk-url-1 = {https://www.mdpi.com/2076-3417/11/22/11073},
 bdsk-url-2 = {https://doi.org/10.3390/app112211073},
 doi = {10.3390/app112211073},
 issn = {2076-3417},
 journal = {Applied Sciences},
 number = {22},
 pages = {11073},
 publisher = {MDPI AG},
 source = {Crossref},
 title = {{Hardware/Software} Co-Design for {TinyML} Voice-Recognition Application on Resource Frugal Edge Devices},
 url = {https://doi.org/10.3390/app112211073},
 volume = {11},
 year = {2021},
 month = nov,
}

@misc{lai2018cmsisnn,
 author = {Lai, Liangzhen and Suda, Naveen and Chandra, Vikas},
 archiveprefix = {arXiv},
 eprint = {1801.06601},
 primaryclass = {cs.NE},
 title = {{CMSIS}-{NN:} {Efficient} Neural Network Kernels for Arm Cortex-M {CPUs}},
 year = {2018},
}

@inproceedings{lin2020mcunet,
 author = {Lin, Ji and Chen, Wei-Ming and Lin, Yujun and Cohn, John and Gan, Chuang and Han, Song},
 editor = {Larochelle, Hugo and Ranzato, Marc'Aurelio and Hadsell, Raia and Balcan, Maria-Florina and Lin, Hsuan-Tien},
 bibsource = {dblp computer science bibliography, https://dblp.org},
 biburl = {https://dblp.org/rec/conf/nips/LinCLCG020.bib},
 booktitle = {Advances in Neural Information Processing Systems 33: Annual Conference on Neural Information Processing Systems 2020, NeurIPS 2020, December 6-12, 2020, virtual},
 timestamp = {Thu, 11 Feb 2021 00:00:00 +0100},
 title = {{MCUNet:} {Tiny} Deep Learning on {IoT} Devices},
 url = {https://proceedings.neurips.cc/paper/2020/hash/86c51678350f656dcc7f490a43946ee5-Abstract.html},
 year = {2020},
}

@misc{lin2023awq,
 author = {Lin and Tang, Tang and Yang, Dang and Gan, Han},
 journal = {ArXiv preprint},
 title = {{AWQ:} {Activation-aware} Weight Quantization for {LLM} Compression and Acceleration},
 url = {https://arxiv.org/abs/2306.00978},
 volume = {abs/2306.00978},
 year = {2023},
}

@inproceedings{prakash2022cfu,
 author = {Prakash, Shvetank and Callahan, Tim and Bushagour, Joseph and Banbury, Colby and Green, Alan V. and Warden, Pete and Ansell, Tim and Reddi, Vijay Janapa},
 journal = {ArXiv preprint},
 title = {{CFU} Playground: {Full-stack} Open-Source Framework for Tiny Machine Learning {(TinyML)} Acceleration on {FPGAs}},
 url = {https://doi.org/10.1109/ispass57527.2023.00024},
 volume = {abs/2201.01863},
 year = {2023},
 doi = {10.1109/ispass57527.2023.00024},
 source = {Crossref},
 booktitle = {2023 IEEE International Symposium on Performance Analysis of Systems and Software (ISPASS)},
 publisher = {IEEE},
 month = apr,
}

@article{sheng2019qbert,
 author = {Shen, Sheng and Dong, Zhen and Ye, Jiayu and Ma, Linjian and Yao, Zhewei and Gholami, Amir and Mahoney, Michael W. and Keutzer, Kurt},
 bibsource = {dblp computer science bibliography, https://dblp.org},
 biburl = {https://dblp.org/rec/journals/corr/abs-1909-05840.bib},
 eprint = {1909.05840},
 eprinttype = {arXiv},
 journal = {Proceedings of the AAAI Conference on Artificial Intelligence},
 timestamp = {Wed, 18 Sep 2019 10:38:36 +0200},
 title = {Q-{BERT:} {Hessian} Based Ultra Low Precision Quantization of {BERT}},
 url = {https://doi.org/10.1609/aaai.v34i05.6409},
 volume = {34},
 year = {2020},
 doi = {10.1609/aaai.v34i05.6409},
 number = {05},
 source = {Crossref},
 publisher = {Association for the Advancement of Artificial Intelligence (AAAI)},
 issn = {2374-3468, 2159-5399},
 pages = {8815--8821},
 month = apr,
}

@inproceedings{tan2019mnasnet,
 author = {Tan, Mingxing and Chen, Bo and Pang, Ruoming and Vasudevan, Vijay and Sandler, Mark and Howard, Andrew and Le, Quoc V.},
 bibsource = {dblp computer science bibliography, https://dblp.org},
 biburl = {https://dblp.org/rec/conf/cvpr/TanCPVSHL19.bib},
 booktitle = {2019 IEEE/CVF Conference on Computer Vision and Pattern Recognition (CVPR)},
 doi = {10.1109/cvpr.2019.00293},
 pages = {2820--2828},
 publisher = {IEEE},
 timestamp = {Tue, 12 Jan 2021 00:00:00 +0100},
 title = {{MnasNet:} {Platform-aware} Neural Architecture Search for Mobile},
 url = {https://doi.org/10.1109/cvpr.2019.00293},
 year = {2019},
 source = {Crossref},
 month = jun,
}

@misc{tan2020efficientnet,
 author = {Tan, Mingxing and Le, Quoc V.},
 archiveprefix = {arXiv},
 doi = {10.1002/9781394205639.ch6},
 eprint = {1905.11946},
 isbn = {9781394205608, 9781394205639},
 pages = {111--131},
 primaryclass = {cs.LG},
 publisher = {Wiley},
 source = {Crossref},
 title = {Demystifying Deep Learning},
 url = {https://doi.org/10.1002/9781394205639.ch6},
 year = {2023},
 month = dec,
}

@misc{ultimate,
 bdsk-url-1 = {https://deci.ai/quantization-and-quantization-aware-training/},
 title = {The Ultimate Guide to Deep Learning Model Quantization and Quantization-Aware Training},
 url = {https://deci.ai/quantization-and-quantization-aware-training/},
}

@article{vaswani2017attention,
 author = {Vaswani, Ashish and Shazeer, Noam and Parmar, Niki and Uszkoreit, Jakob and Jones, Llion and Gomez, Aidan N and Kaiser, {\L}ukasz and Polosukhin, Illia},
 title = {Attention is all you need},
 journal = {Adv Neural Inf Process Syst},
 volume = {30},
 year = {2017},
}

@inproceedings{wu2019fbnet,
 author = {Wu, Bichen and Keutzer, Kurt and Dai, Xiaoliang and Zhang, Peizhao and Wang, Yanghan and Sun, Fei and Wu, Yiming and Tian, Yuandong and Vajda, Peter and Jia, Yangqing},
 bibsource = {dblp computer science bibliography, https://dblp.org},
 biburl = {https://dblp.org/rec/conf/cvpr/WuDZWSWTVJK19.bib},
 booktitle = {2019 IEEE/CVF Conference on Computer Vision and Pattern Recognition (CVPR)},
 doi = {10.1109/cvpr.2019.01099},
 pages = {10734--10742},
 publisher = {IEEE},
 timestamp = {Mon, 20 Jan 2020 00:00:00 +0100},
 title = {{FBNet:} {Hardware-aware} Efficient {ConvNet} Design via Differentiable Neural Architecture Search},
 url = {https://doi.org/10.1109/cvpr.2019.01099},
 year = {2019},
 source = {Crossref},
 month = jun,
}

@misc{wu2020integer,
 author = {Wu and Judd, Zhang and Isaev, Micikevicius},
 journal = {ArXiv preprint},
 title = {Integer Quantization for Deep Learning Inference: {Principles} and Empirical Evaluation)},
 url = {https://arxiv.org/abs/2004.09602},
 volume = {abs/2004.09602},
 year = {2020},
}

@misc{xiao2022smoothquant,
 author = {Xiao and Lin, Seznec and Wu, Demouth and Han},
 journal = {ArXiv preprint},
 title = {{SmoothQuant:} {Accurate} and Efficient Post-Training Quantization for Large Language Models},
 url = {https://arxiv.org/abs/2211.10438},
 volume = {abs/2211.10438},
 year = {2022},
}

@misc{xinyu,
 author = {Xinyu, Chen},
 abstract = {Some simple examples for showing how to use tensor decomposition to reconstruct fluid dynamics},
 bdsk-url-1 = {https://medium.com/},
}

@inproceedings{xu2018alternating,
 author = {Xu, Chen and Yao, Jianqiang and Lin, Zhouchen and Ou, Wenwu and Cao, Yuanbin and Wang, Zhirong and Zha, Hongbin},
 bibsource = {dblp computer science bibliography, https://dblp.org},
 biburl = {https://dblp.org/rec/conf/iclr/XuYLOCWZ18.bib},
 booktitle = {6th International Conference on Learning Representations, ICLR 2018, Vancouver, BC, Canada, April 30 - May 3, 2018, Conference Track Proceedings},
 publisher = {OpenReview.net},
 timestamp = {Thu, 25 Jul 2019 01:00:00 +0200},
 title = {Alternating Multi-bit Quantization for Recurrent Neural Networks},
 url = {https://openreview.net/forum?id=S19dR9x0b},
 year = {2018},
}

@misc{yang2020coexploration,
 author = {Ho Yoon, Jung and Jung, Hyung-Suk and Hwan Lee, Min and Hwan Kim, Gun and Ji Song, Seul and Yeong Seok, Jun and Jean Yoon, Kyung and Seong Hwang, Cheol and Besland, M.-P. and Tranchant, J. and Souchier, E. and Moreau, P. and Salmon, S. and Corraze, B. and Janod, E. and Cario, L. and Zazpe, Ra\'ul and Ungureanu, Mariana and Llopis, Roger and Golmar, Federico and Stoliar, Pablo and Casanova, F\'elix and Eduardo Hueso, Luis and Hermes, C. and Wimmer, M. and Menzel, S. and Fleck, K. and Rana, V. and Salinga, M. and B\"ottger, U. and Bruchhaus, R. and Wuttig, M. and Waser, R. and Lentz, F. and Hermes, C. and R\"osgen, B. and Selle, T. and Bruchhaus, R. and Rana, V. and Waser, R. and Marchewka, Astrid and Menzel, Stephan and B\"ottger, Ulrich and Waser, Rainer and Hoskins, Brian and Alibart, Fabien and Strukov, Dmitri and Pellegrino, Luca and Manca, Nicola and Kanki, Teruo and Tanaka, Hidekazu and Biasotti, Michele and Bellingeri, Emilio and Sergio Siri, Antonio and Marr\'e, Daniele and M. Padilha, Antonio Claudio and Martini Dalpian, Gustavo and Reily Rocha, Alexandre and Prodromakis, Themistoklis and Salaoru, Iulia and Khiat, Ali and Toumazou, Christopher and Gale, Ella M. and Madhavan, A. and Adam, G. and Alibart, F. and Gao, L. and Strukov, D. B. and Wamwangi, D. and Welnic, W. and Wuttig, M. and Gholipour, Behrad and Huang, Chung-Che and Anastasopoulos, Alexandros and Al-Saab, Feras and Hayden, Brian E. and Hewak, Daniel W. and Lan, Rui and Endo, Rie and Kuwahara, Masashi and Kobayashi, Yoshinao and Susa, Masahiro and Baumeister, Paul and Wortmann, Daniel and Bl\"ugel, Stefan and Mazzarello, Riccardo and Li, Yan and Zhang, Wei and Ronneberger, Ider and Simon, Ronnie and Gallus, Jens and Bessas, Dimitrios and Sergueev, Ilya and Wille, Hans-Christian and Pierre Hermann, Rapha\"el and Luckas, Jennifer and Rausch, Pascal and Krebs, Daniel and Zalden, Peter and Boltz, Janika and Raty, Jean-Yves and Salinga, Martin and Longeaud, Christophe and Wuttig, Matthias and Kim, Haeri and Kim, Dong-Wook and Phark, Soo-Hyon and Hong, Seungbum and Park, C. and Herpers, A. and Bruchhaus, R. and Verbeeck, J. and Egoavil, R. and Borgatti, F. and Panaccione, G. and Offi, F. and Dittmann, R. and Clima, Sergiu and Sankaran, Kiroubanand and Mees, Maarten and Yin Chen, Yang and Goux, Ludovic and Govoreanu, Bogdan and Wouters, Dirk J. and Kittl, Jorge and Jurczak, Malgorzata and Pourtois, Geoffrey and Calka, P. and Martinez, E. and Delaye, V. and Lafond, D. and Audoit, G. and Mariolle, D. and Chevalier, N. and Grampeix, H. and Cagli, C. and Jousseaume, V. and Guedj, C. and Shrestha, Pragya and Ochia, Adaku and Cheung, Kin. P. and Campbell, Jason and Baumgart, Helmut and Harris, Gary and Scherff, Malte and Meyer, Bjoern and Scholz, Julius and Hoffmann, Joerg and Jooss, Christian and Xiao, Bo and Tada, Tomofumi and Gu, Tingkun and Tawara, Arihiro and Watanabe, Satoshi and Young, Tai-Fa and Yang, Ya-Liang and Chang, Ting-Chang and Hsu, Kuang-Ting and Chen, Chao-Yu and Burkert, A and Valov, I. and Staikov, G. and Waser, R. and van den Hurk, Jan and Valov, Ilia and Waser, Rainer and Valov, Ilia and Tappertzhofen, Stefan and van der Hurk, Jan and Waser, Rainer and Adam, G. and Alibart, F. and Gao, L. and Hoskins, B. and Strukov, D. B. and Jean Yoon, Kyung and Ji Song, Seul and Kim, Gun Hwan and Seok, Jun Yeong and Ho Yoon, Jeong and Seong Hwang, Cheol and Yoon, Jung Ho and Yoon, Kyung Jin and Shuai, Yao and Wu, Chuangui and Zhang, Wanli and Zhou, Shengqiang and B\"urger, Danilo and Slesazeck, Stefan and Mikolajick, Thomas and Helm, Manfred and Schmidt, Heidemarie and Gale, Ella and Pearson, David and Kitson, Stephen and Adamatzky, Andrew and Costello, Ben de Lacy and Lehtonen, Eero and Poikonen, Jussi and Laiho, Mika and Kanerva, Pentti and Lim, Hyungkwang and Jang, Ho-won and Jeong, Doo Seok and Cao, Xun and Jiang, Meng and Zhang, Feng and Liu, Xinjun and Jin, Ping and Zhang, Kai and Tangirala, Madhavi and Shrestha, Pragya and Baumgart, Helmut and Kittiwatanakul, Salinporn and Lu, Jiwei and Wolf, Stuart and Pallem, Venkateswara and Dussarrat, Christian and Pinto, S. and Krishna, R. and Dias, C. and Pimentel, G. and Oliveira, G. N. P. and Teixeira, J. M. and Aguiar, P. and Titus, E. and Gracio, J. and Ventura, J. and Araujo, J. P.},
 archiveprefix = {arXiv},
 doi = {10.1002/9783527667703.ch67},
 eprint = {2002.04116},
 isbn = {9783527411917, 9783527667703},
 pages = {523--587},
 primaryclass = {cs.LG},
 publisher = {Wiley},
 source = {Crossref},
 title = {Frontiers in Electronic Materials},
 url = {https://doi.org/10.1002/9783527667703.ch67},
 year = {2012},
 month = jun,
}

@inproceedings{zhang2019autoshrink,
 author = {Zhang, Tunhou and Cheng, Hsin-Pai and Li, Zhenwen and Yan, Feng and Huang, Chengyu and Li, Hai Helen and Chen, Yiran},
 bibsource = {dblp computer science bibliography, https://dblp.org},
 biburl = {https://dblp.org/rec/conf/aaai/ZhangCL0HLC20.bib},
 booktitle = {The Thirty-Fourth AAAI Conference on Artificial Intelligence, AAAI 2020, The Thirty-Second Innovative Applications of Artificial Intelligence Conference, IAAI 2020, The Tenth AAAI Symposium on Educational Advances in Artificial Intelligence, EAAI 2020, New York, NY, USA, February 7-12, 2020},
 pages = {6829--6836},
 publisher = {AAAI Press},
 timestamp = {Tue, 02 Feb 2021 00:00:00 +0100},
 title = {{AutoShrink:} {A} Topology-Aware {NAS} for Discovering Efficient Neural Architecture},
 url = {https://aaai.org/ojs/index.php/AAAI/article/view/6163},
 year = {2020},
}

@inproceedings{zhang2020fast,
 author = {Zhang, Li Lyna and Yang, Yuqing and Jiang, Yuhang and Zhu, Wenwu and Liu, Yunxin},
 booktitle = {2020 IEEE/CVF Conference on Computer Vision and Pattern Recognition Workshops (CVPRW)},
 doi = {10.1109/cvprw50498.2020.00354},
 publisher = {IEEE},
 source = {Crossref},
 title = {Fast Hardware-Aware Neural Architecture Search},
 url = {https://doi.org/10.1109/cvprw50498.2020.00354},
 year = {2020},
 month = jun,
}

@misc{zhou2021analognets,
 author = {Zhou, Chuteng and Redondo, Fernando Garcia and B\"uchel, Julian and Boybat, Irem and Comas, Xavier Timoneda and Nandakumar, S. R. and Das, Shidhartha and Sebastian, Abu and Gallo, Manuel Le and Whatmough, Paul N.},
 archiveprefix = {arXiv},
 eprint = {2111.06503},
 primaryclass = {cs.AR},
 title = {{AnalogNets:} {Ml-hw} Co-Design of Noise-robust {TinyML} Models and Always-On Analog Compute-in-Memory Accelerator},
 year = {2021},
}

@article{annette2020,
 author = {Wess, Matthias and Ivanov, Matvey and Unger, Christoph and Nookala, Anvesh},
 title = {{ANNETTE:} {Accurate} Neural Network Execution Time Estimation with Stacked Models},
 journal = {IEEE},
 doi = {10.1109/ACCESS.2020.3047259},
 year = {2020},
 publisher = {IEEE},
}

@article{alexnet2012,
 author = {Krizhevsky, Alex and Sutskever, Ilya and Hinton, Geoffrey E.},
 editor = {Pereira, F. and Burges, C.J. and Bottou, L. and Weinberger, K.Q.},
 booktitle = {Advances in Neural Information Processing Systems},
 publisher = {Association for Computing Machinery (ACM)},
 title = {{ImageNet} classification with deep convolutional neural networks},
 url = {https://doi.org/10.1145/3065386},
 volume = {60},
 year = {2017},
 doi = {10.1145/3065386},
 number = {6},
 source = {Crossref},
 journal = {Commun. ACM},
 issn = {0001-0782, 1557-7317},
 pages = {84--90},
 month = may,
}
