@inproceedings{altayeb2022classifying,
  title = {Classifying mosquito wingbeat sound using TinyML},
  author = {Altayeb, Moez and Zennaro, Marco and Rovai, Marcelo},
  year = {2022},
  month = sep,
  booktitle = {Proceedings of the 2022 ACM Conference on Information Technology for Social Good},
  publisher = {ACM},
  pages = {132--137},
  doi = {10.1145/3524458.3547258},
  url = {https://doi.org/10.1145/3524458.3547258},
  source = {Crossref},
}

@inproceedings{bamoumen2022tinyml,
  title = {How TinyML Can be Leveraged to Solve Environmental Problems: A Survey},
  author = {Bamoumen, Hatim and Temouden, Anas and Benamar, Nabil and Chtouki, Yousra},
  year = {2022},
  month = nov,
  booktitle = {
    2022 International Conference on Innovation and Intelligence for Informatics, Computing, and
    Technologies (3ICT)
  },
  publisher = {IEEE},
  pages = {338--343},
  doi = {10.1109/3ict56508.2022.9990661},
  url = {https://doi.org/10.1109/3ict56508.2022.9990661},
  source = {Crossref},
  organization = {IEEE},
}

@inproceedings{duisterhof2021sniffy,
  title = {
    Sniffy Bug: A Fully Autonomous Swarm of Gas-Seeking Nano Quadcopters in Cluttered Environments
  },
  author = {
    Duisterhof, Bardienus P. and Li, Shushuai and Burgues, Javier and Reddi, Vijay Janapa and de
    Croon, Guido C. H. E.
  },
  year = {2021},
  month = sep,
  booktitle = {2021 IEEE/RSJ International Conference on Intelligent Robots and Systems (IROS)},
  publisher = {IEEE},
  pages = {9099--9106},
  doi = {10.1109/iros51168.2021.9636217},
  url = {https://doi.org/10.1109/iros51168.2021.9636217},
  source = {Crossref},
  organization = {IEEE},
}

@article{ferentinos2018deep,
  title = {Deep learning models for plant disease detection and diagnosis},
  author = {Ferentinos, Konstantinos P.},
  year = {2018},
  month = feb,
  journal = {Computers and Electronics in Agriculture},
  publisher = {Elsevier BV},
  volume = {145},
  pages = {311--318},
  doi = {10.1016/j.compag.2018.01.009},
  issn = {0168-1699},
  url = {https://doi.org/10.1016/j.compag.2018.01.009},
  source = {Crossref},
}

@article{ramcharan2017deep,
  title = {Deep Learning for Image-Based Cassava Disease Detection},
  author = {
    Ramcharan, Amanda and Baranowski, Kelsee and McCloskey, Peter and Ahmed, Babuali and Legg,
    James and Hughes, David P.
  },
  year = {2017},
  month = oct,
  journal = {Frontiers in Plant Science},
  publisher = {Frontiers Media SA},
  volume = {8},
  pages = {1852},
  doi = {10.3389/fpls.2017.01852},
  issn = {1664-462X},
  url = {https://doi.org/10.3389/fpls.2017.01852},
  source = {Crossref},
}

@article{tirtalistyani2022indonesia,
  title = {Indonesia Rice Irrigation System: Time for Innovation},
  author = {Tirtalistyani, Rose and Murtiningrum, Murtiningrum and Kanwar, Rameshwar S.},
  year = {2022},
  month = sep,
  journal = {Sustainability},
  publisher = {MDPI AG},
  volume = {14},
  number = {19},
  pages = {12477},
  doi = {10.3390/su141912477},
  issn = {2071-1050},
  url = {https://doi.org/10.3390/su141912477},
  source = {Crossref},
}

@book{un_desa_2018,
  title = {The Sustainable Development Goals Report 2018},
  year = {2018},
  month = jul,
  publisher = {United Nations},
  address = {New York},
  doi = {10.18356/7d014b41-en},
  isbn = {9789213633175},
  issn = {2518-3958},
  url = {https://doi.org/10.18356/7d014b41-en},
  source = {Crossref},
}

@misc{verma2022elephant,
  title = {Elephant AI},
  author = {Verma, Team Dual\_Boot: Swapnil},
  year = {2022},
  journal = {Hackster.io},
  url = {https://www.hackster.io/dual\\_boot/elephant-ai-ba71e9},
  bdsk-url-1 = {https://www.hackster.io/dual\_boot/elephant-ai-ba71e9},
}
