@article{parrish2023adversarial,
 author = {Parrish, Alicia and Kirk, Hannah Rose and Quaye, Jessica and Rastogi, Charvi and Bartolo, Max and Inel, Oana and Ciro, Juan and Mosquera, Rafael and Howard, Addison and Cukierski, Will and Sculley, D. and Reddi, Vijay Janapa and Aroyo, Lora},
 journal = {ArXiv preprint},
 title = {Adversarial Nibbler: {A} Data-Centric Challenge for Improving the Safety of Text-to-Image Models},
 url = {https://arxiv.org/abs/2305.14384},
 volume = {abs/2305.14384},
 year = {2023}
}

@inproceedings{ramesh2021zero,
 author = {Aditya Ramesh and Mikhail Pavlov and Gabriel Goh and Scott Gray and Chelsea Voss and Alec Radford and Mark Chen and Ilya Sutskever},
 bibsource = {dblp computer science bibliography, https://dblp.org},
 biburl = {https://dblp.org/rec/conf/icml/RameshPGGVRCS21.bib},
 booktitle = {Proceedings of the 38th International Conference on Machine Learning, {ICML} 2021, 18-24 July 2021, Virtual Event},
 editor = {Marina Meila and Tong Zhang},
 pages = {8821--8831},
 publisher = {{PMLR}},
 series = {Proceedings of Machine Learning Research},
 timestamp = {Wed, 25 Aug 2021 01:00:00 +0200},
 title = {Zero-Shot Text-to-Image Generation},
 url = {http://proceedings.mlr.press/v139/ramesh21a.html},
 volume = {139},
 year = {2021}
}

@article{eykholt2018robust,
 author = {Eykholt, Kevin and Evtimov, Ivan and Fernandes, Earlence and Li, Bo and Rahmati, Amir and Xiao, Chaowei and Prakash, Atul and Kohno, Tadayoshi and Song, Dawn},
 journal = {ArXiv preprint},
 title = {Robust Physical-World Attacks on Deep Learning Models},
 url = {https://arxiv.org/abs/1707.08945},
 volume = {abs/1707.08945},
 year = {2017}
}

@article{hosseini2017deceiving,
 author = {Hosseini, Hossein and Kannan, Sreeram and Zhang, Baosen and Poovendran, Radha},
 journal = {ArXiv preprint},
 title = {Deceiving google's perspective api built for detecting toxic comments},
 url = {https://arxiv.org/abs/1702.08138},
 volume = {abs/1702.08138},
 year = {2017}
}

@article{shan2023prompt,
 author = {Shan, Shawn and Ding, Wenxin and Passananti, Josephine and Zheng, Haitao and Zhao, Ben Y},
 journal = {ArXiv preprint},
 title = {Prompt-Specific Poisoning Attacks on Text-to-Image Generative Models},
 url = {https://arxiv.org/abs/2310.13828},
 volume = {abs/2310.13828},
 year = {2023}
}

@inproceedings{biggio2012poisoning,
 author = {Battista Biggio and Blaine Nelson and Pavel Laskov},
 bibsource = {dblp computer science bibliography, https://dblp.org},
 biburl = {https://dblp.org/rec/conf/icml/BiggioNL12.bib},
 booktitle = {Proceedings of the 29th International Conference on Machine Learning, {ICML} 2012, Edinburgh, Scotland, UK, June 26 - July 1, 2012},
 publisher = {icml.cc / Omnipress},
 timestamp = {Wed, 03 Apr 2019 01:00:00 +0200},
 title = {Poisoning Attacks against Support Vector Machines},
 url = {http://icml.cc/2012/papers/880.pdf},
 year = {2012}
}

@article{oprea2022poisoning,
 author = {Oprea, Alina and Singhal, Anoop and Vassilev, Apostol},
 doi = {10.1109/mc.2022.3190787},
 issn = {0018-9162, 1558-0814},
 journal = {Computer},
 number = {11},
 pages = {94--99},
 publisher = {Institute of Electrical and Electronics Engineers (IEEE)},
 source = {Crossref},
 title = {Poisoning Attacks Against Machine Learning: {Can} Machine Learning Be Trustworthy?},
 url = {https://doi.org/10.1109/mc.2022.3190787},
 volume = {55},
 year = {2022}
}

@inproceedings{ahmed2020headless,
 author = {Ahmed Abdelkader and Michael J. Curry and Liam Fowl and Tom Goldstein and Avi Schwarzschild and Manli Shu and Christoph Studer and Chen Zhu},
 bibsource = {dblp computer science bibliography, https://dblp.org},
 biburl = {https://dblp.org/rec/conf/icassp/AbdelkaderCFGSS20.bib},
 booktitle = {2020 {IEEE} International Conference on Acoustics, Speech and Signal Processing, {ICASSP} 2020, Barcelona, Spain, May 4-8, 2020},
 doi = {10.1109/ICASSP40776.2020.9053181},
 pages = {3087--3091},
 publisher = {{IEEE}},
 timestamp = {Thu, 23 Jul 2020 01:00:00 +0200},
 title = {Headless Horseman: Adversarial Attacks on Transfer Learning Models},
 url = {https://doi.org/10.1109/ICASSP40776.2020.9053181},
 year = {2020}
}

@article{goodfellow2020generative,
 author = {Goodfellow, Ian and Pouget-Abadie, Jean and Mirza, Mehdi and Xu, Bing and Warde-Farley, David and Ozair, Sherjil and Courville, Aaron and Bengio, Yoshua},
 doi = {10.1145/3422622},
 issn = {0001-0782, 1557-7317},
 journal = {Commun. ACM},
 number = {11},
 pages = {139--144},
 publisher = {Association for Computing Machinery (ACM)},
 source = {Crossref},
 title = {Generative adversarial networks},
 url = {https://doi.org/10.1145/3422622},
 volume = {63},
 year = {2020}
}

@inproceedings{rombach2022highresolution,
 author = {Rombach, Robin and Blattmann, Andreas and Lorenz, Dominik and Esser, Patrick and Ommer, Bjorn},
 booktitle = {2022 IEEE/CVF Conference on Computer Vision and Pattern Recognition (CVPR)},
 doi = {10.1109/cvpr52688.2022.01042},
 publisher = {IEEE},
 source = {Crossref},
 title = {High-Resolution Image Synthesis with Latent Diffusion Models},
 url = {https://doi.org/10.1109/cvpr52688.2022.01042},
 year = {2022}
}

@article{ahmadilivani2024systematic,
title={A systematic literature review on hardware reliability assessment methods for deep neural networks},
author={Ahmadilivani, Mohammad Hasan and Taheri, Mahdi and Raik, Jaan and Daneshtalab, Masoud and Jenihhin, Maksim},
journal={ACM Computing Surveys},
volume={56},
number={6},
pages={1--39},
year={2024},
publisher={ACM New York, NY}
}

@article{zhang2008distribution,
title={On the distribution of software faults},
author={Zhang, Hongyu},
journal={IEEE Transactions on Software Engineering},
volume={34},
number={2},
pages={301--302},
year={2008},
publisher={IEEE}
}

@article{dixit2021silent,
title={Silent data corruptions at scale},
author={Dixit, Harish Dattatraya and Pendharkar, Sneha and Beadon, Matt and Mason, Chris and Chakravarthy, Tejasvi and Muthiah, Bharath and Sankar, Sriram},
journal={arXiv preprint arXiv:2102.11245},
year={2021}
}

@inproceedings{jha2019ml,
title={Ml-based fault injection for autonomous vehicles: A case for bayesian fault injection},
author={Jha, Saurabh and Banerjee, Subho and Tsai, Timothy and Hari, Siva KS and Sullivan, Michael B and Kalbarczyk, Zbigniew T and Keckler, Stephen W and Iyer, Ravishankar K},
booktitle={2019 49th annual IEEE/IFIP international conference on dependable systems and networks (DSN)},
pages={112--124},
year={2019},
organization={IEEE}
}

@inproceedings{li2017understanding,
title={Understanding error propagation in deep learning neural network (DNN) accelerators and applications},
author={Li, Guanpeng and Hari, Siva Kumar Sastry and Sullivan, Michael and Tsai, Timothy and Pattabiraman, Karthik and Emer, Joel and Keckler, Stephen W},
booktitle={Proceedings of the International Conference for High Performance Computing, Networking, Storage and Analysis},
pages={1--12},
year={2017}
}

@inproceedings{mukherjee2005soft,
title={The soft error problem: An architectural perspective},
author={Mukherjee, Shubhendu S and Emer, Joel and Reinhardt, Steven K},
booktitle={11th International Symposium on High-Performance Computer Architecture},
pages={243--247},
year={2005},
organization={IEEE}
}

@inproceedings{hong2019terminal,
title={Terminal brain damage: Exposing the graceless degradation in deep neural networks under hardware fault attacks},
author={Hong, Sanghyun and Frigo, Pietro and Kaya, Yi{\u{g}}itcan and Giuffrida, Cristiano and Dumitra»ô, Tudor},
booktitle={28th USENIX Security Symposium (USENIX Security 19)},
pages={497--514},
year={2019}
}

@inproceedings{he2023understanding,
title={Understanding and mitigating hardware failures in deep learning training systems},
author={He, Yi and Hutton, Mike and Chan, Steven and De Gruijl, Robert and Govindaraju, Rama and Patil, Nishant and Li, Yanjing},
booktitle={Proceedings of the 50th Annual International Symposium on Computer Architecture},
pages={1--16},
year={2023}
}

@inproceedings{wan2021analyzing,
title={Analyzing and improving fault tolerance of learning-based navigation systems},
author={Wan, Zishen and Anwar, Aqeel and Hsiao, Yu-Shun and Jia, Tianyu and Reddi, Vijay Janapa and Raychowdhury, Arijit},
booktitle={2021 58th ACM/IEEE Design Automation Conference (DAC)},
pages={841--846},
year={2021},
organization={IEEE}
}

@inproceedings{mahmoud2020pytorchfi,
title={Pytorchfi: A runtime perturbation tool for dnns},
author={Mahmoud, Abdulrahman and Aggarwal, Neeraj and Nobbe, Alex and Vicarte, Jose Rodrigo Sanchez and Adve, Sarita V and Fletcher, Christopher W and Frosio, Iuri and Hari, Siva Kumar Sastry},
booktitle={2020 50th Annual IEEE/IFIP International Conference on Dependable Systems and Networks Workshops (DSN-W)},
pages={25--31},
year={2020},
organization={IEEE}
}

@article{hsiao2023silent,
title={Silent Data Corruption in Robot Operating System: A Case for End-to-End System-Level Fault Analysis Using Autonomous UAVs},
author={Hsiao, Yu-Shun and Wan, Zishen and Jia, Tianyu and Ghosal, Radhika and Mahmoud, Abdulrahman and Raychowdhury, Arijit and Brooks, David and Wei, Gu-Yeon and Reddi, Vijay Janapa},
journal={IEEE Transactions on Computer-Aided Design of Integrated Circuits and Systems},
year={2023},
publisher={IEEE}
}

@inproceedings{jha2019ml,
title={Ml-based fault injection for autonomous vehicles: A case for bayesian fault injection},
author={Jha, Saurabh and Banerjee, Subho and Tsai, Timothy and Hari, Siva KS and Sullivan, Michael B and Kalbarczyk, Zbigniew T and Keckler, Stephen W and Iyer, Ravishankar K},
booktitle={2019 49th annual IEEE/IFIP international conference on dependable systems and networks (DSN)},
pages={112--124},
year={2019},
organization={IEEE}
}

@inproceedings{seong2010safer,
title={SAFER: Stuck-at-fault error recovery for memories},
author={Seong, Nak Hee and Woo, Dong Hyuk and Srinivasan, Vijayalakshmi and Rivers, Jude A and Lee, Hsien-Hsin S},
booktitle={2010 43rd Annual IEEE/ACM International Symposium on Microarchitecture (MICRO)},
pages={115--124},
year={2010},
organization={IEEE}
}

@inproceedings{he2023understanding,
title={Understanding Permanent Hardware Failures in Deep Learning Training Accelerator Systems},
author={He, Yi and Li, Yanjing},
booktitle={2023 IEEE European Test Symposium (ETS)},
pages={1--6},
year={2023},
organization={IEEE}
}

@inproceedings{zhang2018analyzing,
title={Analyzing and mitigating the impact of permanent faults on a systolic array based neural network accelerator},
author={Zhang, Jeff Jun and Gu, Tianyu and Basu, Kanad and Garg, Siddharth},
booktitle={2018 IEEE 36th VLSI Test Symposium (VTS)},
pages={1--6},
year={2018},
organization={IEEE}
}

@inproceedings{kim2015bamboo,
title={Bamboo ECC: Strong, safe, and flexible codes for reliable computer memory},
author={Kim, Jungrae and Sullivan, Michael and Erez, Mattan},
booktitle={2015 IEEE 21st International Symposium on High Performance Computer Architecture (HPCA)},
pages={101--112},
year={2015},
organization={IEEE}
}

@article{egwutuoha2013survey,
title={A survey of fault tolerance mechanisms and checkpoint/restart implementations for high performance computing systems},
author={Egwutuoha, Ifeanyi P and Levy, David and Selic, Bran and Chen, Shiping},
journal={The Journal of Supercomputing},
volume={65},
pages={1302--1326},
year={2013},
publisher={Springer}
}

@article{rashid2014characterizing,
title={Characterizing the impact of intermittent hardware faults on programs},
author={Rashid, Layali and Pattabiraman, Karthik and Gopalakrishnan, Sathish},
journal={IEEE Transactions on Reliability},
volume={64},
number={1},
pages={297--310},
year={2014},
publisher={IEEE}
}

@inproceedings{constantinescu2008intermittent,
title={Intermittent faults and effects on reliability of integrated circuits},
author={Constantinescu, Cristian},
booktitle={2008 Annual Reliability and Maintainability Symposium},
pages={370--374},
year={2008},
organization={IEEE}
}

@inproceedings{zhang2018thundervolt,
title={Thundervolt: enabling aggressive voltage underscaling and timing error resilience for energy efficient deep learning accelerators},
author={Zhang, Jeff and Rangineni, Kartheek and Ghodsi, Zahra and Garg, Siddharth},
booktitle={Proceedings of the 55th Annual Design Automation Conference (DAC)},
pages={1--6},
year={2018}
}

@inproceedings{he2023understanding,
title={Understanding and mitigating hardware failures in deep learning training systems},
author={He, Yi and Hutton, Mike and Chan, Steven and De Gruijl, Robert and Govindaraju, Rama and Patil, Nishant and Li, Yanjing},
booktitle={Proceedings of the 50th Annual International Symposium on Computer Architecture},
pages={1--16},
year={2023}
}

@inproceedings{rashid2012intermittent,
title={Intermittent hardware errors recovery: Modeling and evaluation},
author={Rashid, Layali and Pattabiraman, Karthik and Gopalakrishnan, Sathish},
booktitle={2012 Ninth International Conference on Quantitative Evaluation of Systems},
pages={220--229},
year={2012},
organization={IEEE}
}

@article{bushnell2002built,
title={Built-in self-test},
author={Bushnell, Michael L and Agrawal, Vishwani D},
journal={Essentials of electronic testing for digital, memory and mixed-signal VLSI circuits},
pages={489--548},
year={2002},
publisher={Springer}
}

@article{hamming1950error,
title={Error detecting and error correcting codes},
author={Hamming, Richard W},
journal={The Bell system technical journal},
volume={29},
number={2},
pages={147--160},
year={1950},
publisher={Nokia Bell Labs}
}

@inproceedings{sheaffer2007hardware,
title={A hardware redundancy and recovery mechanism for reliable scientific computation on graphics processors},
author={Sheaffer, Jeremy W and Luebke, David P and Skadron, Kevin},
booktitle={Graphics Hardware},
volume={2007},
pages={55--64},
year={2007},
organization={Citeseer}
}

@article{arifeen2020approximate,
title={Approximate triple modular redundancy: A survey},
author={Arifeen, Tooba and Hassan, Abdus Sami and Lee, Jeong-A},
journal={IEEE Access},
volume={8},
pages={139851--139867},
year={2020},
publisher={IEEE}
}

@inproceedings{yeh1996triple,
title={Triple-triple redundant 777 primary flight computer},
author={Yeh, Ying C},
booktitle={1996 IEEE Aerospace Applications Conference. Proceedings},
volume={1},
pages={293--307},
year={1996},
organization={IEEE}
}

@inproceedings{bannon2019computer,
title={Computer and redundancy solution for the full self-driving computer},
author={Bannon, Pete and Venkataramanan, Ganesh and Sarma, Debjit Das and Talpes, Emil},
booktitle={2019 IEEE Hot Chips 31 Symposium (HCS)},
pages={1--22},
year={2019},
organization={IEEE Computer Society}
}

@inproceedings{pont2002using,
title={Using watchdog timers to improve the reliability of single-processor embedded systems: Seven new patterns and a case study},
author={Pont, Michael J and Ong, Royan HL},
booktitle={Proceedings of the First Nordic Conference on Pattern Languages of Programs},
pages={159--200},
year={2002},
organization={Citeseer}
}

@inproceedings{francalanza2017foundation,
title={A foundation for runtime monitoring},
author={Francalanza, Adrian and Aceto, Luca and Achilleos, Antonis and Attard, Duncan Paul and Cassar, Ian and Della Monica, Dario and Ing{\'o}lfsd{\'o}ttir, Anna},
booktitle={International Conference on Runtime Verification},
pages={8--29},
year={2017},
organization={Springer}
}

@article{chandola2009anomaly,
title={Anomaly detection: A survey},
author={Chandola, Varun and Banerjee, Arindam and Kumar, Vipin},
journal={ACM computing surveys (CSUR)},
volume={41},
number={3},
pages={1--58},
year={2009},
publisher={ACM New York, NY, USA}
}

@article{lindholm2019data,
title={Data consistency approach to model validation},
author={Lindholm, Andreas and Zachariah, Dave and Stoica, Petre and Sch{\"o}n, Thomas B},
journal={IEEE Access},
volume={7},
pages={59788--59796},
year={2019},
publisher={IEEE}
}

@inproceedings{wan2023vpp,
title={Vpp: The vulnerability-proportional protection paradigm towards reliable autonomous machines},
author={Wan, Zishen and Gan, Yiming and Yu, Bo and Liu, S and Raychowdhury, A and Zhu, Y},
booktitle={Proceedings of the 5th International Workshop on Domain Specific System Architecture (DOSSA)},
pages={1--6},
year={2023}
}

@inproceedings{kawazoe1997heartbeat,
title={Heartbeat: A timeout-free failure detector for quiescent reliable communication},
author={Kawazoe Aguilera, Marcos and Chen, Wei and Toueg, Sam},
booktitle={Distributed Algorithms: 11th International Workshop, WDAG'97 Saarbr{\"u}cken, Germany, September 24--26, 1997 Proceedings 11},
pages={126--140},
year={1997},
organization={Springer}
}

@inproceedings{reis2005swift,
title={SWIFT: Software implemented fault tolerance},
author={Reis, George A and Chang, Jonathan and Vachharajani, Neil and Rangan, Ram and August, David I},
booktitle={International symposium on Code generation and optimization},
pages={243--254},
year={2005},
organization={IEEE}
}

@article{plank1997tutorial,
title={A tutorial on Reed--Solomon coding for fault-tolerance in RAID-like systems},
author={Plank, James S},
journal={Software: Practice and Experience},
volume={27},
number={9},
pages={995--1012},
year={1997},
publisher={Wiley Online Library}
}

@article{ye2021thundernna,
title={Thundernna: a white box adversarial attack},
author={Ye, Linfeng and Hamidi, Shayan Mohajer},
journal={arXiv preprint arXiv:2111.12305},
year={2021}
}

@inproceedings{guo2019simple,
title={Simple black-box adversarial attacks},
author={Guo, Chuan and Gardner, Jacob and You, Yurong and Wilson, Andrew Gordon and Weinberger, Kilian},
booktitle={International conference on machine learning},
pages={2484--2493},
year={2019},
organization={PMLR}
}

@article{xu2021grey,
title={Grey-box adversarial attack and defence for sentiment classification},
author={Xu, Ying and Zhong, Xu and Yepes, Antonio Jimeno and Lau, Jey Han},
journal={arXiv preprint arXiv:2103.11576},
year={2021}
}

@inproceedings{carlini2017towards,
title={Towards evaluating the robustness of neural networks},
author={Carlini, Nicholas and Wagner, David},
booktitle={2017 ieee symposium on security and privacy (sp)},
pages={39--57},
year={2017},
organization={Ieee}
}

@article{tsai2023adversarial,
title={Adversarial Attacks on Medical Image Classification},
author={Tsai, Min-Jen and Lin, Ping-Yi and Lee, Ming-En},
journal={Cancers},
volume={15},
number={17},
pages={4228},
year={2023},
publisher={MDPI}
}

@inproceedings{fursov2021adversarial,
title={Adversarial attacks on deep models for financial transaction records},
author={Fursov, Ivan and Morozov, Matvey and Kaploukhaya, Nina and Kovtun, Elizaveta and Rivera-Castro, Rodrigo and Gusev, Gleb and Babaev, Dmitry and Kireev, Ivan and Zaytsev, Alexey and Burnaev, Evgeny},
booktitle={Proceedings of the 27th ACM SIGKDD Conference on Knowledge Discovery \& Data Mining},
pages={2868--2878},
year={2021}
}

@article{bai2021recent,
title={Recent advances in adversarial training for adversarial robustness},
author={Bai, Tao and Luo, Jinqi and Zhao, Jun and Wen, Bihan and Wang, Qian},
journal={arXiv preprint arXiv:2102.01356},
year={2021}
}

@inproceedings{addepalli2020towards,
title={Towards achieving adversarial robustness by enforcing feature consistency across bit planes},
author={Addepalli, Sravanti and BS, Vivek and Baburaj, Arya and Sriramanan, Gaurang and Babu, R Venkatesh},
booktitle={Proceedings of the IEEE/CVF conference on computer vision and pattern recognition},
pages={1020--1029},
year={2020}
}

@article{marulli2022sensitivity,
title={Sensitivity of machine learning approaches to fake and untrusted data in healthcare domain},
author={Marulli, Fiammetta and Marrone, Stefano and Verde, Laura},
journal={Journal of Sensor and Actuator Networks},
volume={11},
number={2},
pages={21},
year={2022},
publisher={MDPI}
}

@inproceedings{zhou2018learning,
title={Learning rich features for image manipulation detection},
author={Zhou, Peng and Han, Xintong and Morariu, Vlad I and Davis, Larry S},
booktitle={Proceedings of the IEEE conference on computer vision and pattern recognition},
pages={1053--1061},
year={2018}
}

@article{carta2020local,
title={A local feature engineering strategy to improve network anomaly detection},
author={Carta, Salvatore and Podda, Alessandro Sebastian and Recupero, Diego Reforgiato and Saia, Roberto},
journal={Future Internet},
volume={12},
number={10},
pages={177},
year={2020},
publisher={MDPI}
}

@article{berger2014kolmogorov,
title={Kolmogorov--smirnov test: Overview},
author={Berger, Vance W and Zhou, YanYan},
journal={Wiley statsref: Statistics reference online},
year={2014},
publisher={Wiley Online Library}
}

@article{panda2019discretization,
title={Discretization based solutions for secure machine learning against adversarial attacks},
author={Panda, Priyadarshini and Chakraborty, Indranil and Roy, Kaushik},
journal={IEEE Access},
volume={7},
pages={70157--70168},
year={2019},
publisher={IEEE}
}

@article{madry2017towards,
title={Towards deep learning models resistant to adversarial attacks},
author={Madry, Aleksander and Makelov, Aleksandar and Schmidt, Ludwig and Tsipras, Dimitris and Vladu, Adrian},
journal={arXiv preprint arXiv:1706.06083},
year={2017}
}

@inproceedings{papernot2016distillation,
title={Distillation as a defense to adversarial perturbations against deep neural networks},
author={Papernot, Nicolas and McDaniel, Patrick and Wu, Xi and Jha, Somesh and Swami, Ananthram},
booktitle={2016 IEEE symposium on security and privacy (SP)},
pages={582--597},
year={2016},
organization={IEEE}
}

@article{hendrycks2019benchmarking,
title={Benchmarking neural network robustness to common corruptions and perturbations},
author={Hendrycks, Dan and Dietterich, Thomas},
journal={arXiv preprint arXiv:1903.12261},
year={2019}
}

@article{beaton1974fitting,
title={The fitting of power series, meaning polynomials, illustrated on band-spectroscopic data},
author={Beaton, Albert E and Tukey, John W},
journal={Technometrics},
volume={16},
number={2},
pages={147--185},
year={1974},
publisher={Taylor \& Francis}
}

@article{kirkpatrick2017overcoming,
title={Overcoming catastrophic forgetting in neural networks},
author={Kirkpatrick, James and Pascanu, Razvan and Rabinowitz, Neil and Veness, Joel and Desjardins, Guillaume and Rusu, Andrei A and Milan, Kieran and Quan, John and Ramalho, Tiago and Grabska-Barwinska, Agnieszka and others},
journal={Proceedings of the national academy of sciences},
volume={114},
number={13},
pages={3521--3526},
year={2017},
publisher={National Acad Sciences}
}

@article{lopez2017gradient,
title={Gradient episodic memory for continual learning},
author={Lopez-Paz, David and Ranzato, Marc'Aurelio},
journal={Advances in neural information processing systems},
volume={30},
year={2017}
}

@article{myllyaho2022misbehaviour,
title={On misbehaviour and fault tolerance in machine learning systems},
author={Myllyaho, Lalli and Raatikainen, Mikko and M{\"a}nnist{\"o}, Tomi and Nurminen, Jukka K and Mikkonen, Tommi},
journal={Journal of Systems and Software},
volume={183},
pages={111096},
year={2022},
publisher={Elsevier}
}

@article{zhang2008distribution,
title={On the distribution of software faults},
author={Zhang, Hongyu},
journal={IEEE Transactions on Software Engineering},
volume={34},
number={2},
pages={301--302},
year={2008},
publisher={IEEE}
}

@article{maas2008combining,
title={Combining Machine Learning and Lifetime-Based Resource Management for Memory Allocation and Beyond},
author={Maas, Martin and Andersen, David G and Isard, Michael and Javanmard, Mohammad Mahdi and McKinley, Kathryn S and Raffel, Colin},
journal={Communications of the ACM},
pages={1--10},
year={2008},
publisher={ACM New York, NY}
}

@article{li2021survey,
title={A survey on federated learning systems: Vision, hype and reality for data privacy and protection},
author={Li, Qinbin and Wen, Zeyi and Wu, Zhaomin and Hu, Sixu and Wang, Naibo and Li, Yuan and Liu, Xu and He, Bingsheng},
journal={IEEE Transactions on Knowledge and Data Engineering},
volume={35},
number={4},
pages={3347--3366},
year={2021},
publisher={IEEE}
}

@inproceedings{eisenman2022check,
title={$\{$Check-N-Run$\}$: A checkpointing system for training deep learning recommendation models},
author={Eisenman, Assaf and Matam, Kiran Kumar and Ingram, Steven and Mudigere, Dheevatsa and Krishnamoorthi, Raghuraman and Nair, Krishnakumar and Smelyanskiy, Misha and Annavaram, Murali},
booktitle={19th USENIX Symposium on Networked Systems Design and Implementation (NSDI 22)},
pages={929--943},
year={2022}
}

@inproceedings{sangchoolie2017one,
title={One bit is (not) enough: An empirical study of the impact of single and multiple bit-flip errors},
author={Sangchoolie, Behrooz and Pattabiraman, Karthik and Karlsson, Johan},
booktitle={2017 47th annual IEEE/IFIP international conference on dependable systems and networks (DSN)},
pages={97--108},
year={2017},
organization={IEEE}
}

@inproceedings{wilkening2014calculating,
title={Calculating architectural vulnerability factors for spatial multi-bit transient faults},
author={Wilkening, Mark and Sridharan, Vilas and Li, Si and Previlon, Fritz and Gurumurthi, Sudhanva and Kaeli, David R},
booktitle={2014 47th Annual IEEE/ACM International Symposium on Microarchitecture},
pages={293--305},
year={2014},
organization={IEEE}
}

@article{binkert2011gem5,
title={The gem5 simulator},
author={Binkert, Nathan and Beckmann, Bradford and Black, Gabriel and Reinhardt, Steven K and Saidi, Ali and Basu, Arkaprava and Hestness, Joel and Hower, Derek R and Krishna, Tushar and Sardashti, Somayeh and others},
journal={ACM SIGARCH computer architecture news},
volume={39},
number={2},
pages={1--7},
year={2011},
publisher={ACM New York, NY, USA}
}

@article{lowe2020gem5,
title={The gem5 simulator: Version 20.0+},
author={Lowe-Power, Jason and Ahmad, Abdul Mutaal and Akram, Ayaz and Alian, Mohammad and Amslinger, Rico and Andreozzi, Matteo and Armejach, Adri{\`a} and Asmussen, Nils and Beckmann, Brad and Bharadwaj, Srikant and others},
journal={arXiv preprint arXiv:2007.03152},
year={2020}
}

@inproceedings{sangchoolie2017one,
title={One bit is (not) enough: An empirical study of the impact of single and multiple bit-flip errors},
author={Sangchoolie, Behrooz and Pattabiraman, Karthik and Karlsson, Johan},
booktitle={2017 47th annual IEEE/IFIP international conference on dependable systems and networks (DSN)},
pages={97--108},
year={2017},
organization={IEEE}
}

@inproceedings{papadimitriou2021demystifying,
title={Demystifying the system vulnerability stack: Transient fault effects across the layers},
author={Papadimitriou, George and Gizopoulos, Dimitris},
booktitle={2021 ACM/IEEE 48th Annual International Symposium on Computer Architecture (ISCA)},
pages={902--915},
year={2021},
organization={IEEE}
}

@inproceedings{mohanram2003partial,
title={Partial error masking to reduce soft error failure rate in logic circuits},
author={Mohanram, Kartik and Touba, Nur A},
booktitle={Proceedings 18th IEEE Symposium on Defect and Fault Tolerance in VLSI Systems},
pages={433--440},
year={2003},
organization={IEEE}
}

@article{ko2021characterizing,
title={Characterizing System-Level Masking Effects against Soft Errors},
author={Ko, Yohan},
journal={Electronics},
volume={10},
number={18},
pages={2286},
year={2021},
publisher={MDPI}
}

@article{ahmadilivani2024systematic,
title={A systematic literature review on hardware reliability assessment methods for deep neural networks},
author={Ahmadilivani, Mohammad Hasan and Taheri, Mahdi and Raik, Jaan and Daneshtalab, Masoud and Jenihhin, Maksim},
journal={ACM Computing Surveys},
volume={56},
number={6},
pages={1--39},
year={2024},
publisher={ACM New York, NY}
}

@article{velazco2010combining,
title={Combining results of accelerated radiation tests and fault injections to predict the error rate of an application implemented in SRAM-based FPGAs},
author={Velazco, Raoul and Foucard, Gilles and Peronnard, Paul},
journal={IEEE Transactions on Nuclear Science},
volume={57},
number={6},
pages={3500--3505},
year={2010},
publisher={IEEE}
}

@article{lee2022design,
title={Design of Radiation-Tolerant High-Speed Signal Processing Circuit for Detecting Prompt Gamma Rays by Nuclear Explosion},
author={Lee, Minwoong and Lee, Namho and Gwon, Huijeong and Kim, Jongyeol and Hwang, Younggwan and Cho, Seongik},
journal={Electronics},
volume={11},
number={18},
pages={2970},
year={2022},
publisher={MDPI}
}

@inproceedings{reagen2018ares,
title={Ares: A framework for quantifying the resilience of deep neural networks},
author={Reagen, Brandon and Gupta, Udit and Pentecost, Lillian and Whatmough, Paul and Lee, Sae Kyu and Mulholland, Niamh and Brooks, David and Wei, Gu-Yeon},
booktitle={Proceedings of the 55th Annual Design Automation Conference},
pages={1--6},
year={2018}
}

@inproceedings{mahmoud2020pytorchfi,
title={Pytorchfi: A runtime perturbation tool for dnns},
author={Mahmoud, Abdulrahman and Aggarwal, Neeraj and Nobbe, Alex and Vicarte, Jose Rodrigo Sanchez and Adve, Sarita V and Fletcher, Christopher W and Frosio, Iuri and Hari, Siva Kumar Sastry},
booktitle={2020 50th Annual IEEE/IFIP International Conference on Dependable Systems and Networks Workshops (DSN-W)},
pages={25--31},
year={2020},
organization={IEEE}
}

@inproceedings{ma2024dr,
title={Dr. DNA: Combating Silent Data Corruptions in Deep Learning using Distribution of Neuron Activations},
author={Ma, Dongning and Lin, Fred and Desmaison, Alban and Coburn, Joel and Moore, Daniel and Sankar, Sriram and Jiao, Xun},
booktitle={Proceedings of the 29th ACM International Conference on Architectural Support for Programming Languages and Operating Systems, Volume 3},
pages={239--252},
year={2024}
}

@inproceedings{tambe2020algorithm,
title={Algorithm-hardware co-design of adaptive floating-point encodings for resilient deep learning inference},
author={Tambe, Thierry and Yang, En-Yu and Wan, Zishen and Deng, Yuntian and Reddi, Vijay Janapa and Rush, Alexander and Brooks, David and Wei, Gu-Yeon},
booktitle={2020 57th ACM/IEEE Design Automation Conference (DAC)},
pages={1--6},
year={2020},
organization={IEEE}
}

@inproceedings{chen2020tensorfi,
title={Tensorfi: A flexible fault injection framework for tensorflow applications},
author={Chen, Zitao and Narayanan, Niranjhana and Fang, Bo and Li, Guanpeng and Pattabiraman, Karthik and DeBardeleben, Nathan},
booktitle={2020 IEEE 31st International Symposium on Software Reliability Engineering (ISSRE)},
pages={426--435},
year={2020},
organization={IEEE}
}

@inproceedings{tsai2021nvbitfi,
title={Nvbitfi: Dynamic fault injection for gpus},
author={Tsai, Timothy and Hari, Siva Kumar Sastry and Sullivan, Michael and Villa, Oreste and Keckler, Stephen W},
booktitle={2021 51st Annual IEEE/IFIP International Conference on Dependable Systems and Networks (DSN)},
pages={284--291},
year={2021},
organization={IEEE}
}

@inproceedings{jha2019ml,
title={Ml-based fault injection for autonomous vehicles: A case for bayesian fault injection},
author={Jha, Saurabh and Banerjee, Subho and Tsai, Timothy and Hari, Siva KS and Sullivan, Michael B and Kalbarczyk, Zbigniew T and Keckler, Stephen W and Iyer, Ravishankar K},
booktitle={2019 49th annual IEEE/IFIP international conference on dependable systems and networks (DSN)},
pages={112--124},
year={2019},
organization={IEEE}
}

@inproceedings{grafe2023large,
title={Large-scale application of fault injection into pytorch models-an extension to pytorchfi for validation efficiency},
author={Gr{\"a}fe, Ralf and Sha, Qutub Syed and Geissler, Florian and Paulitsch, Michael},
booktitle={2023 53rd Annual IEEE/IFIP International Conference on Dependable Systems and Networks-Supplemental Volume (DSN-S)},
pages={56--62},
year={2023},
organization={IEEE}
}

@inproceedings{hsiao2023mavfi,
title={Mavfi: An end-to-end fault analysis framework with anomaly detection and recovery for micro aerial vehicles},
author={Hsiao, Yu-Shun and Wan, Zishen and Jia, Tianyu and Ghosal, Radhika and Mahmoud, Abdulrahman and Raychowdhury, Arijit and Brooks, David and Wei, Gu-Yeon and Reddi, Vijay Janapa},
booktitle={2023 Design, Automation \& Test in Europe Conference \& Exhibition (DATE)},
pages={1--6},
year={2023},
organization={IEEE}
}

@article{bolchini2022fast,
title={Fast and accurate error simulation for cnns against soft errors},
author={Bolchini, Cristiana and Cassano, Luca and Miele, Antonio and Toschi, Alessandro},
journal={IEEE Transactions on Computers},
volume={72},
number={4},
pages={984--997},
year={2022},
publisher={IEEE}
}

@inproceedings{he2020fidelity,
title={Fidelity: Efficient resilience analysis framework for deep learning accelerators},
author={He, Yi and Balaprakash, Prasanna and Li, Yanjing},
booktitle={2020 53rd Annual IEEE/ACM International Symposium on Microarchitecture (MICRO)},
pages={270--281},
year={2020},
organization={IEEE}
}