@book{brynjolfsson2014second,
  title = {
    The second machine age: work, progress, and prosperity in a time of brilliant technologies, 1st
    Edition.
  },
  author = {Brynjolfsson, Erik and McAfee, Andrew},
  year = {2014},
  publisher = {W. W. Norton Company},
  pages = {1--306},
  source = {DBLP},
}

@article{domingos2015master,
  title = {The master algorithm: how the quest for the ultimate learning machine will remake our world},
  author = {Domingos, Pedro},
  year = {2016},
  month = feb,
  journal = {Choice Reviews Online},
  publisher = {American Library Association},
  volume = {53},
  number = {07},
  pages = {53--3100},
  doi = {10.5860/choice.194685},
  issn = {0009-4978,1523-8253},
  url = {https://doi.org/10.5860/choice.194685},
  source = {Crossref},
}

@article{krizhevsky2012imagenet,
  title = {ImageNet classification with deep convolutional neural networks},
  author = {Krizhevsky, Alex and Sutskever, Ilya and Hinton, Geoffrey E.},
  year = {2017},
  month = may,
  journal = {Communications of the ACM},
  publisher = {Association for Computing Machinery (ACM)},
  volume = {60},
  number = {6},
  pages = {84--90},
  doi = {10.1145/3065386},
  issn = {0001-0782,1557-7317},
  url = {https://doi.org/10.1145/3065386},
  source = {Crossref},
}
