@article{arivazhagan2019federated,
  title = {Federated Learning with Personalization Layers},
  author = {Arivazhagan, Manoj Ghuhan and Aggarwal, Vinay and Singh, Aaditya Kumar and Choudhary, Sunav},
  journal = {CoRR},
  booktitle = {
    Proceedings of the 36th International Conference on Machine Learning (ICML) Workshop on
    Federated Learning
  },
  volume = {abs/1912.00818},
  url = {http://arxiv.org/abs/1912.00818v1},
  date = {2019-12-02},
  primaryclass = {cs.LG},
  archiveprefix = {arXiv},
  source = {DBLP},
}

@article{banbury2021mlperf,
  title = {MLPerf Tiny Benchmark},
  author = {
    Banbury, Colby and Reddi, Vijay Janapa and Torelli, Peter and Holleman, Jeremy and Jeffries,
    Nat and Kiraly, Csaba and Montino, Pietro and Kanter, David and Ahmed, Sebastian and Pau,
    Danilo and Thakker, Urmish and Torrini, Antonio and Warden, Peter and Cordaro, Jay and
    Guglielmo, Giuseppe Di and Duarte, Javier and Gibellini, Stephen and Parekh, Videet and Tran,
    Honson and Tran, Nhan and Wenxu, Niu and Xuesong, Xu
  },
  journal = {arXiv preprint arXiv:2106.07597},
  url = {http://arxiv.org/abs/2106.07597v4},
  date = {2021-06-14},
  primaryclass = {cs.LG},
  archiveprefix = {arXiv},
}

@article{brakerski2022federated,
  title = {Federated Learning and the Rise of Edge Intelligence: Challenges and Opportunities},
  author = {Brakerski, Zvika and others},
  year = {2022},
  journal = {Communications of the ACM},
  volume = {65},
  number = {8},
  pages = {54--63},
}

@inproceedings{chen2019closer,
  title = {A closer look at few-shot classification},
  author = {Chen, Wei-Yu and Liu, Yen-Cheng and Kira, Zsolt and Wang, Yu-Chiang Frank and Huang, Jia-Bin},
  year = {2019},
  booktitle = {International Conference on Learning Representations (ICLR)},
}

@inproceedings{deng2021adaptive,
  title = {Adaptive Federated Optimization},
  author = {Deng, Yuzhe and Mokhtari, Aryan and Ozdaglar, Asuman},
  year = {2021},
  booktitle = {Proceedings of the 38th International Conference on Machine Learning (ICML)},
}

@inproceedings{deng2022tinytrain,
  title = {TinyTrain: Learning to Train Compact Neural Networks on the Edge},
  author = {Deng, Chulin and Zhang, Yujun and Wu, Yanzhi},
  year = {2022},
  booktitle = {Proceedings of the 39th International Conference on Machine Learning (ICML)},
}

@article{diao2023sparse,
  title = {
    Efficient Rate Optimal Regret for Adversarial Contextual MDPs Using Online Function
    Approximation
  },
  author = {Levy, Orin and Cohen, Alon and Cassel, Asaf and Mansour, Yishay},
  journal = {arXiv preprint arXiv:2303.01464},
  url = {http://arxiv.org/abs/2303.01464v2},
  date = {2023-03-02},
  primaryclass = {cs.LG},
  archiveprefix = {arXiv},
}

@inproceedings{finn2017model,
  title = {Model-agnostic meta-learning for fast adaptation of deep networks},
  author = {Finn, Chelsea and Abbeel, Pieter and Levine, Sergey},
  year = {2017},
  booktitle = {Proceedings of the 34th International Conference on Machine Learning (ICML)},
}

@inproceedings{hard2018federated,
  title = {Federated learning for mobile keyboard prediction},
  author = {
    Hard, Andrew and Rao, Kanishka and Mathews, Rajiv and Ramaswamy, Saurabh and Beaufays,
    Fran\c{c}oise and Augenstein, Sean and Eichner, Hubert and Kiddon, Chlo\'{e} and Ramage, Daniel
  },
  year = {2018},
  booktitle = {International Conference on Learning Representations (ICLR)},
}

@incollection{hayes2020remind,
  title = {REMIND Your Neural Network to Prevent Catastrophic Forgetting},
  author = {
    Hayes, Tyler L. and Kafle, Kushal and Shrestha, Robik and Acharya, Manoj and Kanan, Christopher
  },
  booktitle = {Computer Vision â€“ ECCV 2020},
  publisher = {Springer International Publishing},
  pages = {466--483},
  doi = {10.1007/978-3-030-58598-3\_28},
  isbn = {9783030585976,9783030585983},
  issn = {0302-9743,1611-3349},
  url = {https://doi.org/10.1007/978-3-030-58598-3\_28},
  source = {Crossref},
  date = {2020},
}

@inproceedings{houlsby2019parameter,
  title = {Parameter-efficient transfer learning for NLP},
  author = {
    Houlsby, Neil and Giurgiu, Andrei and Jastrzebski, Stanislaw and Morrone, Bruna and de
    Laroussilhe, Chlo\'{e} and Gesmundo, Andrea and Attariyan, Mohammad and Gelly, Sylvain
  },
  year = {2019},
  booktitle = {International Conference on Machine Learning},
  pages = {2790--2799},
  organization = {PMLR},
}

@article{howard2017mobilenets,
  title = {MobileNets: Efficient Convolutional Neural Networks for Mobile Vision Applications},
  author = {
    Howard, Andrew G. and Zhu, Menglong and Chen, Bo and Kalenichenko, Dmitry and Wang, Weijun and
    Weyand, Tobias and Andreetto, Marco and Adam, Hartwig
  },
  journal = {CoRR},
  booktitle = {arXiv preprint arXiv:1704.04861},
  volume = {abs/1704.04861},
  url = {http://arxiv.org/abs/1704.04861v1},
  date = {2017-04-17},
  primaryclass = {cs.CV},
  archiveprefix = {arXiv},
  source = {DBLP},
}

@article{hu2021lora,
  title = {LoRA: Low-Rank Adaptation of Large Language Models},
  author = {
    Hu, Edward J. and Shen, Yelong and Wallis, Phillip and Allen-Zhu, Zeyuan and Li, Yuanzhi and
    Wang, Shean and Wang, Lu and Chen, Weizhu
  },
  journal = {arXiv preprint arXiv:2106.09685},
  url = {http://arxiv.org/abs/2106.09685v2},
  date = {2021-06-17},
  primaryclass = {cs.CL},
  archiveprefix = {arXiv},
}

@book{lai2020tinyml,
  title = {TinyML: Machine learning with TensorFlow Lite on Arduino and ultra-low-power microcontrollers},
  author = {Lai, Pete Warden Daniel Situnayake},
  year = {2020},
  publisher = {O'Reilly Media},
}

@article{li2020federated,
  title = {Federated Learning: Challenges, Methods, and Future Directions},
  author = {Li, Tian and Sahu, Anit Kumar and Talwalkar, Ameet and Smith, Virginia},
  journal = {IEEE Signal Processing Magazine},
  publisher = {Institute of Electrical and Electronics Engineers (IEEE)},
  volume = {37},
  number = {3},
  pages = {50--60},
  doi = {10.1109/msp.2020.2975749},
  issn = {1053-5888,1558-0792},
  url = {https://doi.org/10.1109/msp.2020.2975749},
  source = {Crossref},
  date = {2020-05},
}

@inproceedings{lin2020mcunet,
  title = {MCUNet: Tiny Deep Learning on IoT Devices},
  author = {Lin, Ji and Chen, Wei-Ming and Lin, Yujun and Han, Song},
  year = {2020},
  booktitle = {Advances in Neural Information Processing Systems (NeurIPS)},
}

@inproceedings{mcmahan2017communication,
  title = {Communication-efficient learning of deep networks from decentralized data},
  author = {McMahan, H Brendan and Moore, Eider and Ramage, Daniel and Hampson, Seth and others},
  year = {2017},
  booktitle = {
    Proceedings of the 20th International Conference on Artificial Intelligence and Statistics
    (AISTATS)
  },
  pages = {1273--1282},
}

@misc{quinonero2009dataset,
  title = {Dataset Shift in Machine Learning},
  author = {
    Qui\~{n}onero-Candela, Joaquin and Sugiyama, Masashi and Schwaighofer, Anton and Lawrence, Neil
    D.
  },
  journal = {The MIT Press},
  publisher = {The MIT Press},
  pages = {xi-xvi},
  doi = {10.7551/mitpress/7921.003.0002},
  isbn = {9780262255103},
  url = {https://doi.org/10.7551/mitpress/7921.003.0002},
  source = {Crossref},
  date = {2008-12-12},
}

@inproceedings{rebuffi2017learning,
  title = {Learning multiple visual domains with residual adapters},
  author = {Rebuffi, Sylvestre-Alvise and Bilen, Hakan and Vedaldi, Andrea},
  year = {2017},
  booktitle = {Advances in Neural Information Processing Systems},
  volume = {30},
}

@inproceedings{rolnick2019experience,
  title = {Experience Replay for Continual Learning},
  author = {Rolnick, David and Ahuja, Arun and Schwarz, Jonathan and Lillicrap, Timothy and Wayne, Greg},
  year = {2019},
  booktitle = {Advances in Neural Information Processing Systems (NeurIPS)},
}

@article{sanh2019distilbert,
  title = {DistilBERT, a distilled version of BERT: smaller, faster, cheaper and lighter},
  author = {Sanh, Victor and Debut, Lysandre and Chaumond, Julien and Wolf, Thomas},
  journal = {arXiv preprint arXiv:1910.01108},
  url = {http://arxiv.org/abs/1910.01108v4},
  date = {2019-10-02},
  primaryclass = {cs.CL},
  archiveprefix = {arXiv},
}

@article{wang2020generalizing,
  title = {Generalizing from a Few Examples},
  author = {Wang, Yaqing and Yao, Quanming and Kwok, James T. and Ni, Lionel M.},
  journal = {ACM Computing Surveys},
  booktitle = {ACM Computing Surveys},
  publisher = {Association for Computing Machinery (ACM)},
  volume = {53},
  number = {3},
  pages = {1--34},
  doi = {10.1145/3386252},
  issn = {0360-0300,1557-7341},
  url = {https://doi.org/10.1145/3386252},
  source = {Crossref},
  subtitle = {A Survey on Few-shot Learning},
  date = {2020-06-12},
}

@inproceedings{wang2020pick,
  title = {Pick and Choose: Selective Backpropagation for Efficient Network Training},
  author = {Wang, Shaofeng and Li, Xiangyu and Ouyang, Wanli and Wang, Xiaogang},
  year = {2020},
  booktitle = {European Conference on Computer Vision (ECCV)},
}

@article{warden2018speech,
  title = {Speech Commands: A Dataset for Limited-Vocabulary Speech Recognition},
  author = {Warden, Pete},
  journal = {arXiv preprint arXiv:1804.03209},
  url = {http://arxiv.org/abs/1804.03209v1},
  date = {2018-04-09},
  primaryclass = {cs.CL},
  archiveprefix = {arXiv},
}

@inproceedings{zhang2020efficient,
  title = {Efficient Task-Specific Adaptation for Deep Models},
  author = {Zhang, Xitong and Song, Jialin and Tao, Dacheng},
  year = {2020},
  booktitle = {International Conference on Learning Representations (ICLR)},
}

@article{zhao2018federated,
  title = {Federated Learning with Non-IID Data},
  author = {
    Zhao, Yue and Li, Meng and Lai, Liangzhen and Suda, Naveen and Civin, Damon and Chandra, Vikas
  },
  journal = {CoRR},
  booktitle = {arXiv preprint arXiv:1806.00582},
  volume = {abs/1806.00582},
  url = {http://arxiv.org/abs/1806.00582v2},
  date = {2018-06-02},
  primaryclass = {cs.LG},
  archiveprefix = {arXiv},
  source = {DBLP},
}
