@inproceedings{abadi2016deep,
  title = {Deep Learning with Differential Privacy},
  author = {
    Abadi, Martin and Chu, Andy and Goodfellow, Ian and McMahan, H. Brendan and Mironov, Ilya and
    Talwar, Kunal and Zhang, Li
  },
  year = {2016},
  month = oct,
  booktitle = {Proceedings of the 2016 ACM SIGSAC Conference on Computer and Communications Security},
  publisher = {ACM},
  address = {New York, NY, USA},
  series = {CCS '16},
  pages = {308--318},
  doi = {10.1145/2976749.2978318},
  url = {https://doi.org/10.1145/2976749.2978318},
  source = {Crossref},
  date-added = {2023-11-22 18:06:03 -0500},
  date-modified = {2023-11-22 18:08:42 -0500},
  keywords = {deep learning, differential privacy},
}

@inproceedings{adi2018turning,
  title = {Turning your weakness into a strength: Watermarking deep neural networks by backdooring},
  author = {Adi, Yossi and Baum, Carsten and Cisse, Moustapha and Pinkas, Benny and Keshet, Joseph},
  year = {2018},
  booktitle = {27th USENIX Security Symposium (USENIX Security 18)},
  pages = {1615--1631},
}

@inproceedings{agrawal2003side,
  title = {Trojan Detection using IC Fingerprinting},
  author = {Agrawal, Dakshi and Baktir, Selcuk and Karakoyunlu, Deniz and Rohatgi, Pankaj and Sunar, Berk},
  year = {2007},
  month = may,
  booktitle = {2007 IEEE Symposium on Security and Privacy (SP '07)},
  publisher = {IEEE},
  pages = {296--310},
  doi = {10.1109/sp.2007.36},
  url = {https://doi.org/10.1109/sp.2007.36},
  source = {Crossref},
  organization = {Springer},
}

@inproceedings{ahmed2020headless,
  title = {Headless Horseman: Adversarial Attacks on Transfer Learning Models},
  author = {
    Abdelkader, Ahmed and Curry, Michael J. and Fowl, Liam and Goldstein, Tom and Schwarzschild,
    Avi and Shu, Manli and Studer, Christoph and Zhu, Chen
  },
  year = {2020},
  month = may,
  booktitle = {
    ICASSP 2020 - 2020 IEEE International Conference on Acoustics, Speech and Signal Processing
    (ICASSP)
  },
  publisher = {IEEE},
  pages = {3087--3091},
  doi = {10.1109/icassp40776.2020.9053181},
  url = {https://doi.org/10.1109/icassp40776.2020.9053181},
  source = {Crossref},
  bibsource = {dblp computer science bibliography, https://dblp.org},
  biburl = {https://dblp.org/rec/conf/icassp/AbdelkaderCFGSS20.bib},
  timestamp = {Thu, 23 Jul 2020 01:00:00 +0200},
}

@incollection{amiel2006fault,
  title = {Fault Analysis of DPA-Resistant Algorithms},
  author = {Amiel, Frederic and Clavier, Christophe and Tunstall, Michael},
  year = {2006},
  booktitle = {Fault Diagnosis and Tolerance in Cryptography},
  publisher = {Springer Berlin Heidelberg},
  pages = {223--236},
  doi = {10.1007/11889700\_20},
  isbn = {9783540462507,9783540462514},
  issn = {0302-9743,1611-3349},
  url = {https://doi.org/10.1007/11889700\_20},
  source = {Crossref},
  date-added = {2023-11-22 16:45:05 -0500},
  date-modified = {2023-11-22 16:45:55 -0500},
  organization = {Springer},
}

@inproceedings{antonakakis2017understanding,
  title = {Understanding the mirai botnet},
  author = {
    Antonakakis, Manos and April, Tim and Bailey, Michael and Bernhard, Matt and Bursztein, Elie
    and Cochran, Jaime and Durumeric, Zakir and Halderman, J Alex and Invernizzi, Luca and
    Kallitsis, Michalis and others
  },
  year = {2017},
  journal = {USENIX Security Symposium},
  booktitle = {26th USENIX security symposium (USENIX Security 17)},
  volume = {16},
  pages = {1093--1110},
}

@inproceedings{Asonov2004Keyboard,
  title = {Keyboard acoustic emanations},
  author = {Asonov, D. and Agrawal, R.},
  booktitle = {IEEE Symposium on Security and Privacy, 2004. Proceedings. 2004},
  publisher = {IEEE},
  pages = {3--11},
  doi = {10.1109/secpri.2004.1301311},
  url = {https://doi.org/10.1109/secpri.2004.1301311},
  source = {Crossref},
  date-added = {2023-11-22 17:05:39 -0500},
  date-modified = {2023-11-22 17:06:45 -0500},
  organization = {IEEE},
}

@article{ateniese2015hacking,
  title = {
    Hacking smart machines with smarter ones: How to extract meaningful data from machine learning
    classifiers
  },
  author = {
    Ateniese, Giuseppe and Mancini, Luigi V. and Spognardi, Angelo and Villani, Antonio and Vitali,
    Domenico and Felici, Giovanni
  },
  year = {2015},
  journal = {International Journal of Security and Networks},
  publisher = {Inderscience Publishers},
  volume = {10},
  number = {3},
  pages = {137},
  doi = {10.1504/ijsn.2015.071829},
  issn = {1747-8405,1747-8413},
  url = {https://doi.org/10.1504/ijsn.2015.071829},
  source = {Crossref},
  date-added = {2023-11-22 16:14:42 -0500},
  date-modified = {2023-11-22 16:15:42 -0500},
}

@inproceedings{barenghi2010low,
  title = {Low voltage fault attacks to AES},
  author = {
    Barenghi, Alessandro and Bertoni, Guido M. and Breveglieri, Luca and Pellicioli, Mauro and
    Pelosi, Gerardo
  },
  year = {2010},
  month = jun,
  booktitle = {2010 IEEE International Symposium on Hardware-Oriented Security and Trust (HOST)},
  publisher = {IEEE},
  pages = {7--12},
  doi = {10.1109/hst.2010.5513121},
  url = {https://doi.org/10.1109/hst.2010.5513121},
  source = {Crossref},
  date-added = {2023-11-22 16:42:05 -0500},
  date-modified = {2023-11-22 16:43:09 -0500},
  organization = {IEEE},
}

@inproceedings{Biega2020Oper,
  title = {Operationalizing the Legal Principle of Data Minimization for Personalization},
  author = {Biega, Asia J. and Potash, Peter and Daum\'e, Hal and Diaz, Fernando and Finck, Mich\`ele},
  year = {2020},
  month = jul,
  booktitle = {
    Proceedings of the 43rd International ACM SIGIR Conference on Research and Development in
    Information Retrieval
  },
  publisher = {ACM},
  pages = {399--408},
  doi = {10.1145/3397271.3401034},
  url = {https://doi.org/10.1145/3397271.3401034},
  source = {Crossref},
  editor = {
    Huang, Jimmy and Chang, Yi and Cheng, Xueqi and Kamps, Jaap and Murdock, Vanessa and Wen,
    Ji-Rong and Liu, Yiqun
  },
  bibsource = {dblp computer science bibliography, https://dblp.org},
  biburl = {https://dblp.org/rec/conf/sigir/BiegaPDDF20.bib},
  timestamp = {Thu, 03 Sep 2020 01:00:00 +0200},
}

@inproceedings{biggio2012poisoning,
  title = {Poisoning Attacks against Support Vector Machines.},
  author = {Biggio, Battista and Nelson, Blaine and Laskov, Pavel},
  year = {2012},
  journal = {ICML},
  booktitle = {
    Proceedings of the 29th International Conference on Machine Learning, ICML 2012, Edinburgh,
    Scotland, UK, June 26 - July 1, 2012
  },
  publisher = {icml.cc / Omnipress},
  url = {http://icml.cc/2012/papers/880.pdf},
  source = {DBLP},
  bibsource = {dblp computer science bibliography, https://dblp.org},
  biburl = {https://dblp.org/rec/conf/icml/BiggioNL12.bib},
  timestamp = {Wed, 03 Apr 2019 01:00:00 +0200},
}

@article{breier2018deeplaser,
  title = {DeepLaser: Practical Fault Attack on Deep Neural Networks},
  author = {Breier, Jakub and Hou, Xiaolu and Jap, Dirmanto and Ma, Lei and Bhasin, Shivam and Liu, Yang},
  year = {2018},
  month = jun,
  journal = {ArXiv preprint},
  publisher = {ACM},
  volume = {abs/1806.05859},
  pages = {619--633},
  url = {http://arxiv.org/abs/1806.05859v2},
  primaryclass = {cs.CR},
  archiveprefix = {arXiv},
}

@article{Burnet1989Spycatcher,
  title = {Spycatcher: The Commodification of Truth},
  author = {Burnet, David and Thomas, Richard},
  year = {1989},
  journal = {Journal of Law and Society},
  publisher = {JSTOR},
  volume = {16},
  number = {2},
  pages = {210},
  doi = {10.2307/1410360},
  issn = {0263-323X},
  url = {https://doi.org/10.2307/1410360},
  source = {Crossref},
  date-added = {2023-11-22 17:03:00 -0500},
  date-modified = {2023-11-22 17:04:44 -0500},
}

@article{bursztein2023generic,
  title = {Generalized Power Attacks against Crypto Hardware using Long-Range Deep Learning},
  author = {
    Bursztein, Elie and Invernizzi, Luca and Kr\'al, Karel and Moghimi, Daniel and Picod,
    Jean-Michel and Zhang, Marina
  },
  year = {2024},
  month = jul,
  journal = {IACR Transactions on Cryptographic Hardware and Embedded Systems},
  publisher = {Universitatsbibliothek der Ruhr-Universitat Bochum},
  volume = {2024},
  number = {3},
  pages = {472--499},
  doi = {10.46586/tches.v2024.i3.472-499},
  issn = {2569-2925},
  url = {https://doi.org/10.46586/tches.v2024.i3.472-499},
  source = {Crossref},
}

@inproceedings{burszteindc27,
  title = {A Hacker Guide To Deep Learning Based Side Channel Attacks},
  author = {Bursztein, Elie and Picod, Jean-Michel},
  year = {2019},
  booktitle = {DEF CON 27},
  howpublished = {<https://elie.net/talk/a-hackerguide-to-deep-learning-based-side-channel-attacks/>},
  editor = {DEF CON},
}

@article{carlini2024stealing,
  title = {Stealing Part of a Production Language Model},
  author = {
    Carlini, Nicholas and Paleka, Daniel and Dvijotham, Krishnamurthy Dj and Steinke, Thomas and
    Hayase, Jonathan and Cooper, A. Feder and Lee, Katherine and Jagielski, Matthew and Nasr, Milad
    and Conmy, Arthur and Yona, Itay and Wallace, Eric and Rolnick, David and Tram\`er, Florian
  },
  year = {2024},
  month = mar,
  journal = {arXiv preprint arXiv:2403.06634},
  url = {http://arxiv.org/abs/2403.06634v2},
  primaryclass = {cs.CR},
  archiveprefix = {arXiv},
}

@article{cavoukian2009privacy,
  title = {Privacy by design},
  author = {Cavoukian, Ann},
  year = {2009},
  journal = {Office of the Information and Privacy Commissioner},
  date-added = {2023-11-22 17:55:45 -0500},
  date-modified = {2023-11-22 17:56:58 -0500},
}

@incollection{Dwork2006Theory,
  title = {Calibrating Noise to Sensitivity in Private Data Analysis},
  author = {Dwork, Cynthia and McSherry, Frank and Nissim, Kobbi and Smith, Adam},
  year = {2006},
  booktitle = {Theory of Cryptography},
  publisher = {Springer Berlin Heidelberg},
  address = {Berlin, Heidelberg},
  pages = {265--284},
  doi = {10.1007/11681878\_14},
  isbn = {9783540327318,9783540327325},
  issn = {0302-9743,1611-3349},
  url = {https://doi.org/10.1007/11681878\_14},
  source = {Crossref},
  editor = {Halevi, Shai and Rabin, Tal},
  date-added = {2023-11-22 18:04:12 -0500},
  date-modified = {2023-11-22 18:05:20 -0500},
}

@article{dwork2014algorithmic,
  title = {The Algorithmic Foundations of Differential Privacy},
  author = {Dwork, Cynthia and Roth, Aaron},
  year = {2013},
  journal = {Foundations and Trends\textregistered{} in Theoretical Computer Science},
  publisher = {Now Publishers},
  volume = {9},
  number = {3-4},
  pages = {211--407},
  doi = {10.1561/0400000042},
  issn = {1551-305X,1551-3068},
  url = {https://doi.org/10.1561/0400000042},
  source = {Crossref},
}

@article{eldan2023whos,
  title = {Who's Harry Potter? Approximate Unlearning in LLMs},
  author = {Eldan, Ronen and Russinovich, Mark},
  year = {2023},
  month = oct,
  journal = {ArXiv preprint},
  volume = {abs/2310.02238},
  url = {http://arxiv.org/abs/2310.02238v2},
  primaryclass = {cs.CL},
  archiveprefix = {arXiv},
}

@article{eykholt2018robust,
  title = {Robust Physical-World Attacks on Deep Learning Models},
  author = {
    Eykholt, Kevin and Evtimov, Ivan and Fernandes, Earlence and Li, Bo and Rahmati, Amir and Xiao,
    Chaowei and Prakash, Atul and Kohno, Tadayoshi and Song, Dawn
  },
  year = {2017},
  month = jul,
  journal = {ArXiv preprint},
  volume = {abs/1707.08945},
  url = {http://arxiv.org/abs/1707.08945v5},
  primaryclass = {cs.CR},
  archiveprefix = {arXiv},
}

@article{farwell2011stuxnet,
  title = {Stuxnet and the Future of Cyber War},
  author = {Farwell, James P. and Rohozinski, Rafal},
  year = {2011},
  month = jan,
  journal = {Survival},
  booktitle = {2011 3rd International Conference on Cyber Conflict},
  publisher = {Informa UK Limited},
  volume = {53},
  number = {1},
  pages = {23--40},
  doi = {10.1080/00396338.2011.555586},
  issn = {0039-6338,1468-2699},
  url = {https://doi.org/10.1080/00396338.2011.555586},
  source = {Crossref},
  date-added = {2023-11-22 14:03:31 -0500},
  date-modified = {2023-11-22 14:05:19 -0500},
  organization = {IEEE},
}

@inproceedings{fredrikson2015model,
  title = {Model Inversion Attacks that Exploit Confidence Information and Basic Countermeasures},
  author = {Fredrikson, Matt and Jha, Somesh and Ristenpart, Thomas},
  year = {2015},
  month = oct,
  booktitle = {Proceedings of the 22nd ACM SIGSAC Conference on Computer and Communications Security},
  publisher = {ACM},
  pages = {1322--1333},
  doi = {10.1145/2810103.2813677},
  url = {https://doi.org/10.1145/2810103.2813677},
  source = {Crossref},
}

@incollection{gandolfi2001electromagnetic,
  title = {Electromagnetic Analysis: Concrete Results},
  author = {Gandolfi, Karine and Mourtel, Christophe and Olivier, Francis},
  year = {2001},
  booktitle = {Cryptographic Hardware and Embedded Systems --- CHES 2001},
  publisher = {Springer Berlin Heidelberg},
  pages = {251--261},
  doi = {10.1007/3-540-44709-1\_21},
  isbn = {9783540425212,9783540447092},
  issn = {0302-9743},
  url = {https://doi.org/10.1007/3-540-44709-1\_21},
  source = {Crossref},
  date-added = {2023-11-22 16:56:42 -0500},
  date-modified = {2023-11-22 16:57:40 -0500},
  organization = {Springer},
}

@article{Gao2020Physical,
  title = {Physical unclonable functions},
  author = {Gao, Yansong and Al-Sarawi, Said F. and Abbott, Derek},
  year = {2020},
  month = feb,
  journal = {Nature Electronics},
  publisher = {Springer Science and Business Media LLC},
  volume = {3},
  number = {2},
  pages = {81--91},
  doi = {10.1038/s41928-020-0372-5},
  issn = {2520-1131},
  url = {https://doi.org/10.1038/s41928-020-0372-5},
  source = {Crossref},
  date-added = {2023-11-22 17:52:20 -0500},
  date-modified = {2023-11-22 17:54:56 -0500},
}

@inproceedings{gassend2002silicon,
  title = {Silicon physical random functions},
  author = {Gassend, Blaise and Clarke, Dwaine and van Dijk, Marten and Devadas, Srinivas},
  year = {2002},
  booktitle = {Proceedings of the 9th ACM conference on Computer and communications security  - CCS '02},
  publisher = {ACM Press},
  pages = {148--160},
  doi = {10.1145/586131.586132},
  url = {https://doi.org/10.1145/586131.586132},
  source = {Crossref},
  organization = {ACM},
}

@inproceedings{gnad2017voltage,
  title = {Voltage drop-based fault attacks on FPGAs using valid bitstreams},
  author = {Gnad, Dennis R. E. and Oboril, Fabian and Tahoori, Mehdi B.},
  year = {2017},
  month = sep,
  booktitle = {2017 27th International Conference on Field Programmable Logic and Applications (FPL)},
  publisher = {IEEE},
  pages = {1--7},
  doi = {10.23919/fpl.2017.8056840},
  url = {https://doi.org/10.23919/fpl.2017.8056840},
  source = {Crossref},
  date-added = {2023-11-22 17:07:13 -0500},
  date-modified = {2023-11-22 17:07:59 -0500},
  organization = {IEEE},
}

@article{goncalves2020generation,
  title = {Generation and evaluation of synthetic patient data},
  author = {
    Goncalves, Andre and Ray, Priyadip and Soper, Braden and Stevens, Jennifer and Coyle, Linda and
    Sales, Ana Paula
  },
  year = {2020},
  month = may,
  journal = {BMC Medical Research Methodology},
  publisher = {Springer Science and Business Media LLC},
  volume = {20},
  number = {1},
  pages = {1--40},
  doi = {10.1186/s12874-020-00977-1},
  issn = {1471-2288},
  url = {https://doi.org/10.1186/s12874-020-00977-1},
  source = {Crossref},
}

@article{goodfellow2015explaining,
  title = {Explaining and Harnessing Adversarial Examples},
  author = {Goodfellow, Ian J. and Shlens, Jonathon and Szegedy, Christian},
  year = {2014},
  month = dec,
  journal = {ICLR},
  booktitle = {International Conference on Learning Representations (ICLR)},
  url = {http://arxiv.org/abs/1412.6572v3},
  primaryclass = {stat.ML},
  archiveprefix = {arXiv},
  source = {DBLP},
}

@article{goodfellow2020generative,
  title = {Generative adversarial networks},
  author = {
    Goodfellow, Ian and Pouget-Abadie, Jean and Mirza, Mehdi and Xu, Bing and Warde-Farley, David
    and Ozair, Sherjil and Courville, Aaron and Bengio, Yoshua
  },
  year = {2020},
  month = oct,
  journal = {Communications of the ACM},
  publisher = {Association for Computing Machinery (ACM)},
  volume = {63},
  number = {11},
  pages = {139--144},
  doi = {10.1145/3422622},
  issn = {0001-0782,1557-7317},
  url = {https://doi.org/10.1145/3422622},
  source = {Crossref},
}

@book{greengard2021internet,
  title = {The Internet of Things},
  author = {Greengard, Samuel},
  year = {2021},
  publisher = {The MIT Press},
  doi = {10.7551/mitpress/13937.001.0001},
  isbn = {9780262365857},
  url = {https://doi.org/10.7551/mitpress/13937.001.0001},
  source = {Crossref},
}

@article{Gupta2023ChatGPT,
  title = {From ChatGPT to ThreatGPT: Impact of Generative AI in Cybersecurity and Privacy},
  author = {
    Gupta, Maanak and Akiri, Charankumar and Aryal, Kshitiz and Parker, Eli and Praharaj, Lopamudra
  },
  year = {2023},
  journal = {IEEE Access},
  publisher = {Institute of Electrical and Electronics Engineers (IEEE)},
  volume = {11},
  pages = {80218--80245},
  doi = {10.1109/access.2023.3300381},
  issn = {2169-3536},
  url = {https://doi.org/10.1109/access.2023.3300381},
  source = {Crossref},
  date-added = {2023-11-22 18:01:41 -0500},
  date-modified = {2023-11-22 18:02:55 -0500},
}

@article{heyndrickx2023melloddy,
  title = {
    Melloddy: Cross-pharma federated learning at unprecedented scale unlocks benefits in qsar
    without compromising proprietary information
  },
  author = {
    Heyndrickx, Wouter and Mervin, Lewis and Morawietz, Tobias and Sturm, No\'e and Friedrich,
    Lukas and Zalewski, Adam and Pentina, Anastasia and Humbeck, Lina and Oldenhof, Martijn and
    Niwayama, Ritsuya and others
  },
  year = {2023},
  journal = {Journal of chemical information and modeling},
  publisher = {ACS Publications},
  volume = {64},
  number = {7},
  pages = {2331--2344},
  url = {https://pubs.acs.org/doi/10.1021/acs.jcim.3c00799},
}

@article{hosseini2017deceiving,
  title = {Deceiving Google's Perspective API Built for Detecting Toxic Comments},
  author = {Hosseini, Hossein and Kannan, Sreeram and Zhang, Baosen and Poovendran, Radha},
  year = {2017},
  month = feb,
  journal = {ArXiv preprint},
  volume = {abs/1702.08138},
  url = {http://arxiv.org/abs/1702.08138v1},
  primaryclass = {cs.LG},
  archiveprefix = {arXiv},
}

@inproceedings{hsiao2023mavfi,
  title = {
    MAVFI: An End-to-End Fault Analysis Framework with Anomaly Detection and Recovery for Micro
    Aerial Vehicles
  },
  author = {
    Hsiao, Yu-Shun and Wan, Zishen and Jia, Tianyu and Ghosal, Radhika and Mahmoud, Abdulrahman and
    Raychowdhury, Arijit and Brooks, David and Wei, Gu-Yeon and Reddi, Vijay Janapa
  },
  year = {2023},
  month = apr,
  booktitle = {2023 Design, Automation \&amp; Test in Europe Conference \&amp; Exhibition (DATE)},
  publisher = {IEEE},
  pages = {1--6},
  doi = {10.23919/date56975.2023.10137246},
  url = {https://doi.org/10.23919/date56975.2023.10137246},
  source = {Crossref},
  date-added = {2023-11-22 16:54:11 -0500},
  date-modified = {2023-11-22 16:55:12 -0500},
  organization = {IEEE},
}

@inproceedings{hutter2009contact,
  title = {Contact-based fault injections and power analysis on RFID tags},
  author = {Hutter, Michael and Schmidt, Jorn-Marc and Plos, Thomas},
  year = {2009},
  month = aug,
  booktitle = {2009 European Conference on Circuit Theory and Design},
  publisher = {IEEE},
  pages = {409--412},
  doi = {10.1109/ecctd.2009.5275012},
  url = {https://doi.org/10.1109/ecctd.2009.5275012},
  source = {Crossref},
  date-added = {2023-11-22 16:43:29 -0500},
  date-modified = {2023-11-22 16:44:30 -0500},
  organization = {IEEE},
}

@article{jin2020towards,
  title = {Towards Utilizing Unlabeled Data in Federated Learning: A Survey and Prospective},
  author = {Jin, Yilun and Wei, Xiguang and Liu, Yang and Yang, Qiang},
  year = {2020},
  month = feb,
  journal = {arXiv preprint arXiv:2002.11545},
  url = {http://arxiv.org/abs/2002.11545v2},
  primaryclass = {cs.LG},
  archiveprefix = {arXiv},
}

@book{joye2012fault,
  title = {Fault Analysis in Cryptography},
  author = {Joye, Marc and Tunstall, Michael},
  year = {2012},
  publisher = {Springer Berlin Heidelberg},
  doi = {10.1007/978-3-642-29656-7},
  isbn = {9783642296550,9783642296567},
  issn = {1619-7100},
  url = {https://doi.org/10.1007/978-3-642-29656-7},
  source = {Crossref},
  date-added = {2023-11-22 16:35:24 -0500},
  date-modified = {2023-11-22 16:36:20 -0500},
}

@inproceedings{khan2021knowledgeadaptation,
  title = {Knowledge-Adaptation Priors},
  author = {Khan, Mohammad Emtiyaz and Swaroop, Siddharth},
  year = {2021},
  booktitle = {
    Advances in Neural Information Processing Systems 34: Annual Conference on Neural Information
    Processing Systems 2021, NeurIPS 2021, December 6-14, 2021, virtual
  },
  pages = {19757--19770},
  url = {https://proceedings.neurips.cc/paper/2021/hash/a4380923dd651c195b1631af7c829187-Abstract.html},
  editor = {
    Ranzato, Marc'Aurelio and Beygelzimer, Alina and Dauphin, Yann N. and Liang, Percy and Vaughan,
    Jennifer Wortman
  },
  bibsource = {dblp computer science bibliography, https://dblp.org},
  biburl = {https://dblp.org/rec/conf/nips/KhanS21.bib},
  timestamp = {Tue, 03 May 2022 01:00:00 +0200},
}

@incollection{kocher1999differential,
  title = {Differential Power Analysis},
  author = {Kocher, Paul and Jaffe, Joshua and Jun, Benjamin},
  year = {1999},
  booktitle = {Advances in Cryptology --- CRYPTO' 99},
  publisher = {Springer Berlin Heidelberg},
  pages = {388--397},
  doi = {10.1007/3-540-48405-1\_25},
  isbn = {9783540663478,9783540484059},
  issn = {0302-9743},
  url = {https://doi.org/10.1007/3-540-48405-1\_25},
  source = {Crossref},
  date-added = {2023-11-22 16:55:28 -0500},
  date-modified = {2023-11-22 16:56:18 -0500},
  organization = {Springer},
}

@article{Kocher2011Intro,
  title = {Introduction to differential power analysis},
  author = {Kocher, Paul and Jaffe, Joshua and Jun, Benjamin and Rohatgi, Pankaj},
  year = {2011},
  month = mar,
  journal = {Journal of Cryptographic Engineering},
  publisher = {Springer Science and Business Media LLC},
  volume = {1},
  number = {1},
  pages = {5--27},
  doi = {10.1007/s13389-011-0006-y},
  issn = {2190-8508,2190-8516},
  url = {https://doi.org/10.1007/s13389-011-0006-y},
  source = {Crossref},
  date-added = {2023-11-22 16:58:42 -0500},
  date-modified = {2023-11-22 17:00:36 -0500},
}

@inproceedings{Kocher2018spectre,
  title = {Spectre Attacks: Exploiting Speculative Execution},
  author = {
    Kocher, Paul and Horn, Jann and Fogh, Anders and Genkin, Daniel and Gruss, Daniel and Haas,
    Werner and Hamburg, Mike and Lipp, Moritz and Mangard, Stefan and Prescher, Thomas and Schwarz,
    Michael and Yarom, Yuval
  },
  year = {2019},
  month = may,
  booktitle = {2019 IEEE Symposium on Security and Privacy (SP)},
  publisher = {IEEE},
  pages = {1--19},
  doi = {10.1109/sp.2019.00002},
  url = {https://doi.org/10.1109/sp.2019.00002},
  source = {Crossref},
  date-added = {2023-11-22 16:33:35 -0500},
  date-modified = {2023-11-22 16:34:01 -0500},
}

@article{lee2023llmguard,
  title = {Llama Guard: LLM-based Input-Output Safeguard for Human-AI Conversations},
  author = {
    Inan, Hakan and Upasani, Kartikeya and Chi, Jianfeng and Rungta, Rashi and Iyer, Krithika and
    Mao, Yuning and Tontchev, Michael and Hu, Qing and Fuller, Brian and Testuggine, Davide and
    Khabsa, Madian
  },
  year = {2023},
  month = dec,
  url = {http://arxiv.org/abs/2312.06674v1},
  primaryclass = {cs.CL},
  archiveprefix = {arXiv},
  eprint = {2312.06674},
}

@article{Li2020Federated,
  title = {Federated Learning: Challenges, Methods, and Future Directions},
  author = {Li, Tian and Sahu, Anit Kumar and Talwalkar, Ameet and Smith, Virginia},
  year = {2020},
  month = may,
  journal = {IEEE Signal Processing Magazine},
  publisher = {Institute of Electrical and Electronics Engineers (IEEE)},
  volume = {37},
  number = {3},
  pages = {50--60},
  doi = {10.1109/msp.2020.2975749},
  issn = {1053-5888,1558-0792},
  url = {https://doi.org/10.1109/msp.2020.2975749},
  source = {Crossref},
  date-added = {2023-11-22 19:15:13 -0500},
  date-modified = {2023-11-22 19:17:19 -0500},
}

@inproceedings{Lipp2018meltdown,
  title = {Spectre Attacks: Exploiting Speculative Execution},
  author = {
    Kocher, Paul and Horn, Jann and Fogh, Anders and Genkin, Daniel and Gruss, Daniel and Haas,
    Werner and Hamburg, Mike and Lipp, Moritz and Mangard, Stefan and Prescher, Thomas and Schwarz,
    Michael and Yarom, Yuval
  },
  year = {2019},
  month = may,
  booktitle = {2019 IEEE Symposium on Security and Privacy (SP)},
  publisher = {IEEE},
  pages = {1--19},
  doi = {10.1109/sp.2019.00002},
  url = {https://doi.org/10.1109/sp.2019.00002},
  source = {Crossref},
  date-added = {2023-11-22 16:32:26 -0500},
  date-modified = {2023-11-22 16:33:08 -0500},
}

@inproceedings{mcmahan2017communicationefficient,
  title = {Communication-Efficient Learning of Deep Networks from Decentralized Data.},
  author = {
    McMahan, Brendan and Moore, Eider and Ramage, Daniel and Hampson, Seth and y Arcas, Blaise
    Ag\"uera
  },
  year = {2017},
  journal = {AISTATS},
  booktitle = {
    Proceedings of the 20th International Conference on Artificial Intelligence and Statistics
    (AISTATS)
  },
  pages = {1273--1282},
  url = {http://proceedings.mlr.press/v54/mcmahan17a.html},
  source = {DBLP},
  organization = {PMLR},
}

@misc{miller2015remote,
  title = {The Antivirus Hacker's Handbook},
  author = {Miller, Charlie and Valasek, Chris},
  year = {2015},
  month = aug,
  journal = {Black Hat USA},
  publisher = {Wiley},
  volume = {2015},
  number = {S 91},
  pages = {297--320},
  doi = {10.1002/9781119183525.ch15},
  isbn = {9781119028758,9781119183525},
  url = {https://doi.org/10.1002/9781119183525.ch15},
  source = {Crossref},
  date-added = {2023-11-22 17:11:27 -0500},
  date-modified = {2023-11-22 17:12:18 -0500},
}

@article{miller2019lessons,
  title = {Lessons learned from hacking a car},
  author = {Miller, Charlie},
  year = {2019},
  month = dec,
  journal = {IEEE Design \&amp; Test},
  publisher = {Institute of Electrical and Electronics Engineers (IEEE)},
  volume = {36},
  number = {6},
  pages = {7--9},
  doi = {10.1109/mdat.2018.2863106},
  issn = {2168-2356,2168-2364},
  url = {https://doi.org/10.1109/mdat.2018.2863106},
  source = {Crossref},
  date-added = {2023-11-22 16:12:04 -0500},
  date-modified = {2023-11-22 16:13:31 -0500},
}

@misc{narayanan2006break,
  title = {How To Break Anonymity of the Netflix Prize Dataset},
  author = {Narayanan, Arvind and Shmatikov, Vitaly},
  year = {2006},
  journal = {CoRR},
  volume = {abs/cs/0610105},
  url = {http://arxiv.org/abs/cs/0610105},
  source = {DBLP},
  date-added = {2023-11-22 16:16:19 -0500},
  date-modified = {2023-11-22 16:16:59 -0500},
}

@article{oliynyk2023know,
  title = {
    I Know What You Trained Last Summer: A Survey on Stealing Machine Learning Models and Defences
  },
  author = {Oliynyk, Daryna and Mayer, Rudolf and Rauber, Andreas},
  year = {2023},
  month = jul,
  journal = {ACM Computing Surveys},
  publisher = {Association for Computing Machinery (ACM)},
  volume = {55},
  number = {14s},
  pages = {1--41},
  doi = {10.1145/3595292},
  issn = {0360-0300,1557-7341},
  url = {https://doi.org/10.1145/3595292},
  source = {Crossref},
  date-added = {2023-11-22 16:18:21 -0500},
  date-modified = {2023-11-22 16:20:44 -0500},
  keywords = {model stealing, Machine learning, model extraction},
}

@article{oprea2022poisoning,
  title = {Poisoning Attacks Against Machine Learning: Can Machine Learning Be Trustworthy?},
  author = {Oprea, Alina and Singhal, Anoop and Vassilev, Apostol},
  year = {2022},
  month = nov,
  journal = {Computer},
  publisher = {Institute of Electrical and Electronics Engineers (IEEE)},
  volume = {55},
  number = {11},
  pages = {94--99},
  doi = {10.1109/mc.2022.3190787},
  issn = {0018-9162,1558-0814},
  url = {https://doi.org/10.1109/mc.2022.3190787},
  source = {Crossref},
}

@inproceedings{orekondy2019knockoff,
  title = {Knockoff Nets: Stealing Functionality of Black-Box Models},
  author = {Orekondy, Tribhuvanesh and Schiele, Bernt and Fritz, Mario},
  year = {2019},
  month = jun,
  booktitle = {2019 IEEE/CVF Conference on Computer Vision and Pattern Recognition (CVPR)},
  publisher = {IEEE},
  pages = {4949--4958},
  doi = {10.1109/cvpr.2019.00509},
  url = {https://doi.org/10.1109/cvpr.2019.00509},
  source = {Crossref},
}

@article{parrish2023adversarial,
  title = {
    Adversarial Nibbler: A Data-Centric Challenge for Improving the Safety of Text-to-Image Models
  },
  author = {
    Parrish, Alicia and Kirk, Hannah Rose and Quaye, Jessica and Rastogi, Charvi and Bartolo, Max
    and Inel, Oana and Ciro, Juan and Mosquera, Rafael and Howard, Addison and Cukierski, Will and
    Sculley, D. and Reddi, Vijay Janapa and Aroyo, Lora
  },
  year = {2023},
  month = may,
  journal = {ArXiv preprint},
  booktitle = {National Institute of Standards and Technology, NIST Special Publication 800-220},
  volume = {abs/2305.14384},
  url = {http://arxiv.org/abs/2305.14384v1},
  primaryclass = {cs.LG},
  archiveprefix = {arXiv},
}

@inproceedings{quaye2024adversarial,
  title = {
    Adversarial Nibbler: An Open Red-Teaming Method for Identifying Diverse Harms in Text-to-Image
    Generation
  },
  author = {
    Quaye, Jessica and Parrish, Alicia and Inel, Oana and Rastogi, Charvi and Kirk, Hannah Rose and
    Kahng, Minsuk and Van Liemt, Erin and Bartolo, Max and Tsang, Jess and White, Justin and
    Clement, Nathan and Mosquera, Rafael and Ciro, Juan and Janapa Reddi, Vijay and Aroyo, Lora
  },
  year = {2024},
  month = jun,
  booktitle = {The 2024 ACM Conference on Fairness, Accountability, and Transparency},
  publisher = {ACM},
  pages = {388--406},
  doi = {10.1145/3630106.3658913},
  url = {https://doi.org/10.1145/3630106.3658913},
  source = {Crossref},
}

@inproceedings{ramesh2021zero,
  title = {Zero-Shot Text-to-Image Generation},
  author = {
    Ramesh, Aditya and Pavlov, Mikhail and Goh, Gabriel and Gray, Scott and Voss, Chelsea and
    Radford, Alec and Chen, Mark and Sutskever, Ilya
  },
  year = {2021},
  booktitle = {
    Proceedings of the 38th International Conference on Machine Learning, ICML 2021, 18-24 July
    2021, Virtual Event
  },
  publisher = {PMLR},
  series = {Proceedings of Machine Learning Research},
  volume = {139},
  pages = {8821--8831},
  url = {http://proceedings.mlr.press/v139/ramesh21a.html},
  editor = {Meila, Marina and Zhang, Tong},
  bibsource = {dblp computer science bibliography, https://dblp.org},
  biburl = {https://dblp.org/rec/conf/icml/RameshPGGVRCS21.bib},
  timestamp = {Wed, 25 Aug 2021 01:00:00 +0200},
}

@inproceedings{Rashmi2018Secure,
  title = {Secure boot of Embedded Applications - A Review},
  author = {R.V., Rashmi and A., Karthikeyan},
  year = {2018},
  month = mar,
  booktitle = {
    2018 Second International Conference on Electronics, Communication and Aerospace Technology
    (ICECA)
  },
  publisher = {IEEE},
  pages = {291--298},
  doi = {10.1109/iceca.2018.8474730},
  url = {https://doi.org/10.1109/iceca.2018.8474730},
  source = {Crossref},
  date-added = {2023-11-22 17:50:16 -0500},
  date-modified = {2023-11-22 17:51:39 -0500},
}

@inproceedings{rombach2022highresolution,
  title = {High-Resolution Image Synthesis with Latent Diffusion Models},
  author = {Rombach, Robin and Blattmann, Andreas and Lorenz, Dominik and Esser, Patrick and Ommer, Bjorn},
  year = {2022},
  month = jun,
  booktitle = {2022 IEEE/CVF Conference on Computer Vision and Pattern Recognition (CVPR)},
  publisher = {IEEE},
  pages = {10674--10685},
  doi = {10.1109/cvpr52688.2022.01042},
  url = {https://doi.org/10.1109/cvpr52688.2022.01042},
  source = {Crossref},
}

@inproceedings{savas2022ml,
  title = {ML-ExRay: Visibility and explainability for monitoring ML model behavior},
  author = {Savas, Esra and Shokri, Reza and Singaravelu, Lalith and Swamy, Nithya and Bafna, Mitali},
  year = {2022},
  booktitle = {Proceedings of the 2022 IEEE Symposium on Security and Privacy (SP)},
  pages = {1352--1369},
  organization = {IEEE},
}

@article{scaaml_2019,
  title = {Generalized Power Attacks against Crypto Hardware using Long-Range Deep Learning},
  author = {
    Bursztein, Elie and Invernizzi, Luca and Kr\'al, Karel and Moghimi, Daniel and Picod,
    Jean-Michel and Zhang, Marina
  },
  year = {2024},
  month = jul,
  journal = {IACR Transactions on Cryptographic Hardware and Embedded Systems},
  publisher = {Universitatsbibliothek der Ruhr-Universitat Bochum},
  volume = {2024},
  number = {3},
  pages = {472--499},
  doi = {10.46586/tches.v2024.i3.472-499},
  issn = {2569-2925},
  url = {https://doi.org/10.46586/tches.v2024.i3.472-499},
  source = {Crossref},
  version = {1.0.0},
}

@inproceedings{shokri2017membership,
  title = {Membership Inference Attacks Against Machine Learning Models},
  author = {Shokri, Reza and Stronati, Marco and Song, Congzheng and Shmatikov, Vitaly},
  year = {2017},
  month = may,
  booktitle = {2017 IEEE Symposium on Security and Privacy (SP)},
  publisher = {IEEE},
  pages = {3--18},
  doi = {10.1109/sp.2017.41},
  url = {https://doi.org/10.1109/sp.2017.41},
  source = {Crossref},
  organization = {IEEE},
}

@incollection{skorobogatov2003optical,
  title = {Optical Fault Induction Attacks},
  author = {Skorobogatov, Sergei P. and Anderson, Ross J.},
  year = {2003},
  journal = {CHES},
  booktitle = {Cryptographic Hardware and Embedded Systems - CHES 2002},
  publisher = {Springer Berlin Heidelberg},
  pages = {2--12},
  doi = {10.1007/3-540-36400-5\_2},
  isbn = {9783540004097,9783540364009},
  issn = {0302-9743},
  url = {https://doi.org/10.1007/3-540-36400-5\_2},
  source = {Crossref},
  organization = {Springer},
}

@inproceedings{skorobogatov2009local,
  title = {Local heating attacks on Flash memory devices},
  author = {Skorobogatov, Sergei},
  year = {2009},
  booktitle = {2009 IEEE International Workshop on Hardware-Oriented Security and Trust},
  publisher = {IEEE},
  pages = {1--6},
  doi = {10.1109/hst.2009.5225028},
  url = {https://doi.org/10.1109/hst.2009.5225028},
  source = {Crossref},
  organization = {IEEE},
}

@article{szegedy2014intriguing,
  title = {Intriguing properties of neural networks},
  author = {
    Szegedy, Christian and Zaremba, Wojciech and Sutskever, Ilya and Bruna, Joan and Erhan, Dumitru
    and Goodfellow, Ian and Fergus, Rob
  },
  year = {2013},
  month = dec,
  journal = {ICLR},
  booktitle = {International Conference on Learning Representations (ICLR)},
  url = {http://arxiv.org/abs/1312.6199v4},
  primaryclass = {cs.CV},
  archiveprefix = {arXiv},
  source = {DBLP},
}

@article{tarun2023deep,
  title = {Deep Regression Unlearning},
  author = {Tarun, Ayush K and Chundawat, Vikram S and Mandal, Murari and Kankanhalli, Mohan},
  year = {2022},
  month = oct,
  journal = {ArXiv preprint},
  volume = {abs/2210.08196},
  url = {http://arxiv.org/abs/2210.08196v2},
  primaryclass = {cs.LG},
  archiveprefix = {arXiv},
}

@misc{TheBigHa77:online,
  title = {The Big Hack: How China Used a Tiny Chip to Infiltrate U.S. Companies - Bloomberg},
  author = {Robertson, J. and Riley, M.},
  year = {2018},
  month = oct,
  url = {
    https://www.bloomberg.com/news/features/2018-10-04/the-big-hack-how-china-used-a-tiny-chip-to-infiltrate-america-s-top-companies
  },
  note = {[Online; accessed 2025-05-27]},
}

@inproceedings{tramer2016stealing,
  title = {Stealing machine learning models via prediction APIs},
  author = {Tram\`er, Florian and Zhang, Fan and Juels, Ari and Reiter, Michael K and Ristenpart, Thomas},
  year = {2016},
  booktitle = {25th USENIX Security Symposium (USENIX Security 16)},
  pages = {601--618},
}

@inproceedings{uchida2017embedding,
  title = {Embedding Watermarks into Deep Neural Networks},
  author = {Uchida, Yusuke and Nagai, Yuki and Sakazawa, Shigeyuki and Satoh, Shin'ichi},
  year = {2017},
  month = jun,
  booktitle = {Proceedings of the 2017 ACM on International Conference on Multimedia Retrieval},
  publisher = {ACM},
  pages = {269--277},
  doi = {10.1145/3078971.3078974},
  url = {https://doi.org/10.1145/3078971.3078974},
  source = {Crossref},
  organization = {ACM},
}

@inproceedings{zhao2018fpga,
  title = {FPGA-Based Remote Power Side-Channel Attacks},
  author = {Zhao, Mark and Suh, G. Edward},
  year = {2018},
  month = may,
  booktitle = {2018 IEEE Symposium on Security and Privacy (SP)},
  publisher = {IEEE},
  pages = {229--244},
  doi = {10.1109/sp.2018.00049},
  url = {https://doi.org/10.1109/sp.2018.00049},
  source = {Crossref},
  date-added = {2023-11-22 17:08:21 -0500},
  date-modified = {2023-11-22 17:09:07 -0500},
  organization = {IEEE},
}
