@article{banbury2020benchmarking,
  url = {http://arxiv.org/abs/2003.04821v4},
  date = {2020-03-10},
  title = {Benchmarking TinyML Systems: Challenges and Direction},
  author = {Banbury, Colby R. and Reddi, Vijay Janapa and Lam, Max and Fu, William and Fazel, Amin and Holleman, Jeremy and Huang, Xinyuan and Hurtado, Robert and Kanter, David and Lokhmotov, Anton and Patterson, David and Pau, Danilo and Seo, Jae-sun and Sieracki, Jeff and Thakker, Urmish and Verhelst, Marian and Yadav, Poonam},
  primaryclass = {cs.PF},
  archiveprefix = {arXiv},
  journal = {arXiv preprint arXiv:2003.04821},
}

@article{micikevicius2022fp8,
  url = {http://arxiv.org/abs/2209.05433v2},
  date = {2022-09-12},
  title = {FP8 Formats for Deep Learning},
  author = {Micikevicius, Paulius and Stosic, Dusan and Burgess, Neil and Cornea, Marius and Dubey, Pradeep and Grisenthwaite, Richard and Ha, Sangwon and Heinecke, Alexander and Judd, Patrick and Kamalu, John and Mellempudi, Naveen and Oberman, Stuart and Shoeybi, Mohammad and Siu, Michael and Wu, Hao},
  primaryclass = {cs.LG},
  archiveprefix = {arXiv},
  journal = {arXiv preprint arXiv:2209.05433},
}

@article{dean2018new,
  number = {2},
  doi = {10.1109/mm.2018.112130030},
  pages = {21--29},
  source = {Crossref},
  volume = {38},
  author = {Dean, Jeff and Patterson, David and Young, Cliff},
  date = {2018-03},
  url = {https://doi.org/10.1109/mm.2018.112130030},
  issn = {0272-1732,1937-4143},
  journal = {IEEE Micro},
  publisher = {Institute of Electrical and Electronics Engineers (IEEE)},
  title = {A New Golden Age in Computer Architecture: Empowering the Machine-Learning Revolution},
}

@article{frankle2018lottery,
  url = {http://arxiv.org/abs/1803.03635v5},
  date = {2018-03-09},
  title = {The Lottery Ticket Hypothesis: Finding Sparse, Trainable Neural Networks},
  author = {Frankle, Jonathan and Carbin, Michael},
  primaryclass = {cs.LG},
  archiveprefix = {arXiv},
  journal = {arXiv preprint arXiv:1803.03635},
}

@inproceedings{gupta2015deep,
  title = {Deep learning with limited numerical precision},
  author = {Gupta, Suyog and Agrawal, Ankur and Gopalakrishnan, Kailash and Narayanan, Pritish},
  booktitle = {International conference on machine learning},
  pages = {1737--1746},
  year = {2015},
  organization = {PMLR},
}

@article{mellempudi2019mixed,
  url = {http://arxiv.org/abs/1905.12334v1},
  date = {2019-05-29},
  title = {Mixed Precision Training With 8-bit Floating Point},
  author = {Mellempudi, Naveen and Srinivasan, Sudarshan and Das, Dipankar and Kaul, Bharat},
  primaryclass = {cs.LG},
  archiveprefix = {arXiv},
  journal = {arXiv preprint arXiv:1905.12334},
}

@article{patterson2021carbon,
  url = {http://arxiv.org/abs/2104.10350v3},
  date = {2021-04-21},
  title = {Carbon Emissions and Large Neural Network Training},
  author = {Patterson, David and Gonzalez, Joseph and Le, Quoc and Liang, Chen and Munguia, Lluis-Miquel and Rothchild, Daniel and So, David and Texier, Maud and Dean, Jeff},
  primaryclass = {cs.LG},
  archiveprefix = {arXiv},
  journal = {arXiv preprint arXiv:2104.10350},
}

@article{wang2019benchmarking,
  url = {http://arxiv.org/abs/1907.10701v4},
  date = {2019-07-24},
  title = {Benchmarking TPU, GPU, and CPU Platforms for Deep Learning},
  author = {Wang, Yu Emma and Wei, Gu-Yeon and Brooks, David},
  primaryclass = {cs.LG},
  archiveprefix = {arXiv},
  journal = {arXiv preprint arXiv:1907.10701},
}

@article{choudhary2020comprehensive,
  number = {7},
  doi = {10.1007/s10462-020-09816-7},
  pages = {5113--5155},
  source = {Crossref},
  volume = {53},
  author = {Choudhary, Tejalal and Mishra, Vipul and Goswami, Anurag and Sarangapani, Jagannathan},
  date = {2020-02-08},
  url = {https://doi.org/10.1007/s10462-020-09816-7},
  issn = {0269-2821,1573-7462},
  journal = {Artificial Intelligence Review},
  publisher = {Springer Science and Business Media LLC},
  title = {A comprehensive survey on model compression and acceleration},
}

@article{Han2015,
  url = {http://arxiv.org/abs/1506.02626v3},
  date = {2015-06-08},
  title = {Learning both Weights and Connections for Efficient Neural Networks},
  author = {Han, Song and Pool, Jeff and Tran, John and Dally, William J.},
  primaryclass = {cs.NE},
  archiveprefix = {arXiv},
  journal = {CoRR},
  volume = {abs/1506.02626},
  source = {DBLP},
  booktitle = {Advances in Neural Information Processing Systems (NeurIPS)},
  pages = {1135--1143},
}

@book{Hutter2019,
  doi = {10.1007/978-3-030-05318-5},
  source = {Crossref},
  subtitle = {Methods, Systems, Challenges},
  date = {2019},
  isbn = {9783030053178,9783030053185},
  url = {https://doi.org/10.1007/978-3-030-05318-5},
  issn = {2520-131X,2520-1328},
  publisher = {Springer International Publishing},
  title = {Automated Machine Learning},
  author = {Hutter, Frank and Kotthoff, Lars and Vanschoren, Joaquin},
}

@inproceedings{Zoph2017,
  title = {Neural Architecture Search with Reinforcement Learning},
  author = {Zoph, Barret and Le, Quoc V.},
  year = {2017},
  booktitle = {International Conference on Learning Representations},
}

@incollection{Feurer2015,
  doi = {10.1007/978-3-030-05318-5\_6},
  pages = {113--134},
  source = {Crossref},
  author = {Feurer, Matthias and Klein, Aaron and Eggensperger, Katharina and Springenberg, Jost Tobias and Blum, Manuel and Hutter, Frank},
  date = {2019},
  isbn = {9783030053178,9783030053185},
  url = {https://doi.org/10.1007/978-3-030-05318-5\_6},
  issn = {2520-131X,2520-1328},
  booktitle = {Automated Machine Learning},
  publisher = {Springer International Publishing},
  title = {Auto-sklearn: Efficient and Robust Automated Machine Learning},
  journal = {Advances in Neural Information Processing Systems},
}

@incollection{He2018,
  doi = {10.1007/978-3-030-01234-2\_48},
  pages = {815--832},
  source = {Crossref},
  author = {He, Yihui and Lin, Ji and Liu, Zhijian and Wang, Hanrui and Li, Li-Jia and Han, Song},
  date = {2018},
  isbn = {9783030012335,9783030012342},
  url = {https://doi.org/10.1007/978-3-030-01234-2\_48},
  issn = {0302-9743,1611-3349},
  booktitle = {Computer Vision – ECCV 2018},
  publisher = {Springer International Publishing},
  title = {AMC: AutoML for Model Compression and Acceleration on Mobile Devices},
  journal = {European Conference on Computer Vision},
}

@incollection{Elsken2019,
  doi = {10.1007/978-3-030-05318-5\_3},
  pages = {63--77},
  source = {Crossref},
  author = {Elsken, Thomas and Metzen, Jan Hendrik and Hutter, Frank},
  date = {2019},
  isbn = {9783030053178,9783030053185},
  url = {https://doi.org/10.1007/978-3-030-05318-5\_3},
  issn = {2520-131X,2520-1328},
  booktitle = {Automated Machine Learning},
  publisher = {Springer International Publishing},
  title = {Neural Architecture Search},
  journal = {Journal of Machine Learning Research},
}

@inproceedings{Tan2019,
  title = {EfficientNet: Rethinking Model Scaling for Convolutional Neural Networks},
  author = {Tan, Mingxing and Le, Quoc V.},
  year = {2019},
  booktitle = {International Conference on Machine Learning},
}

@article{Bergstra2011,
  number = {3},
  doi = {10.3150/13-bej578},
  source = {Crossref},
  volume = {21},
  author = {Bardenet, Rémi and Cappé, Olivier and Fort, Gersende and Kégl, Balázs},
  date = {2015-08-01},
  url = {https://doi.org/10.3150/13-bej578},
  issn = {1350-7265},
  journal = {Bernoulli},
  publisher = {Bernoulli Society for Mathematical Statistics and Probability},
  title = {Adaptive MCMC with online relabeling},
}

@inproceedings{Wu2016,
  doi = {10.1109/cvpr.2016.521},
  pages = {4820--4828},
  source = {Crossref},
  author = {Wu, Jiaxiang and Leng, Cong and Wang, Yuhang and Hu, Qinghao and Cheng, Jian},
  date = {2016-06},
  url = {https://doi.org/10.1109/cvpr.2016.521},
  booktitle = {2016 IEEE Conference on Computer Vision and Pattern Recognition (CVPR)},
  publisher = {IEEE},
  title = {Quantized Convolutional Neural Networks for Mobile Devices},
  journal = {IEEE Conference on Computer Vision and Pattern Recognition},
}

@inproceedings{Chowdhery2021,
  title = {Edge TPU: An Edge-Optimized Inference Accelerator for Deep Learning},
  author = {Chowdhery, Aakanksha and Noy, Anatoli and Misra, Gaurav and Dai, Zhuyun and Le, Quoc V. and Dean, Jeff},
  year = {2021},
  booktitle = {International Symposium on Computer Architecture},
}

@inproceedings{Cubuk2019,
  doi = {10.1109/cvpr.2019.00020},
  pages = {113--123},
  source = {Crossref},
  author = {Cubuk, Ekin D. and Zoph, Barret and Mane, Dandelion and Vasudevan, Vijay and Le, Quoc V.},
  date = {2019-06},
  url = {https://doi.org/10.1109/cvpr.2019.00020},
  booktitle = {2019 IEEE/CVF Conference on Computer Vision and Pattern Recognition (CVPR)},
  publisher = {IEEE},
  title = {AutoAugment: Learning Augmentation Strategies From Data},
}

@inproceedings{Cai2020,
  title = {Once-for-All: Train One Network and Specialize it for Efficient Deployment},
  author = {Cai, Han and Gan, Chuang and Han, Song},
  year = {2020},
  booktitle = {International Conference on Learning Representations},
}

@article{Real2019,
  number = {01},
  doi = {10.1609/aaai.v33i01.33014780},
  pages = {4780--4789},
  source = {Crossref},
  volume = {33},
  author = {Real, Esteban and Aggarwal, Alok and Huang, Yanping and Le, Quoc V.},
  date = {2019-07-17},
  url = {https://doi.org/10.1609/aaai.v33i01.33014780},
  issn = {2374-3468,2159-5399},
  journal = {Proceedings of the AAAI Conference on Artificial Intelligence},
  publisher = {Association for the Advancement of Artificial Intelligence (AAAI)},
  title = {Regularized Evolution for Image Classifier Architecture Search},
}

@article{Vanschoren2019,
  url = {http://arxiv.org/abs/1810.03548v1},
  date = {2018-10-08},
  title = {Meta-Learning: A Survey},
  author = {Vanschoren, Joaquin},
  primaryclass = {cs.LG},
  archiveprefix = {arXiv},
  journal = {ArXiv preprint arXiv:1810.03548},
}

@article{Li2021,
  author = {Li, Lisha and Jamieson, Kevin G. and DeSalvo, Giulia and Rostamizadeh, Afshin and Talwalkar, Ameet},
  title = {Hyperband: A Novel Bandit-Based Approach to Hyperparameter Optimization.},
  journal = {J. Mach. Learn. Res.},
  volume = {18},
  pages = {185:1-185:52},
  year = {2017},
  url = {https://jmlr.org/papers/v18/16-558.html},
  source = {DBLP},
  booktitle = {Journal of Machine Learning Research},
}

@article{hoefler2021sparsity,
  title = {Sparsity in Deep Learning: Pruning and growth for efficient inference and training in neural networks},
  author = {Hoefler, Torsten and Alistarh, Dan and Ben-Nun, Tal and Dryden, Nikoli and Ziogas, Alexandros Nikolaos},
  year = {2021},
  journal = {Journal of Machine Learning Research},
  volume = {22},
  number = {241},
  pages = {1--124},
}

@inproceedings{elsen2020fast,
  doi = {10.1109/cvpr42600.2020.01464},
  pages = {14617--14626},
  source = {Crossref},
  author = {Elsen, Erich and Dukhan, Marat and Gale, Trevor and Simonyan, Karen},
  date = {2020-06},
  url = {https://doi.org/10.1109/cvpr42600.2020.01464},
  booktitle = {2020 IEEE/CVF Conference on Computer Vision and Pattern Recognition (CVPR)},
  publisher = {IEEE},
  title = {Fast Sparse ConvNets},
}

@article{gale2019state,
  url = {http://arxiv.org/abs/1902.09574v1},
  date = {2019-02-25},
  title = {The State of Sparsity in Deep Neural Networks},
  author = {Gale, Trevor and Elsen, Erich and Hooker, Sara},
  primaryclass = {cs.LG},
  archiveprefix = {arXiv},
  journal = {arXiv preprint arXiv:1902.09574},
}

@article{nagel2021white,
  url = {http://arxiv.org/abs/2106.08295v1},
  date = {2021-06-15},
  title = {A White Paper on Neural Network Quantization},
  author = {Nagel, Markus and Fournarakis, Marios and Amjad, Rana Ali and Bondarenko, Yelysei and van Baalen, Mart and Blankevoort, Tijmen},
  primaryclass = {cs.LG},
  archiveprefix = {arXiv},
  journal = {arXiv preprint arXiv:2106.08295},
}

@article{zhang2021learning,
  title = {Learning-based Efficient Sparsity and Quantization for Neural Network Compression},
  author = {Zhang, Yi and Yang, Jianlei and Song, Linghao and Shi, Yiyu and Wang, Yu and Xie, Yuan},
  year = {2021},
  journal = {IEEE Transactions on Neural Networks and Learning Systems},
  volume = {32},
  number = {9},
  pages = {3980--3994},
}

@article{dettmers2019sparse,
  url = {http://arxiv.org/abs/1907.04840v2},
  date = {2019-07-10},
  title = {Sparse Networks from Scratch: Faster Training without Losing Performance},
  author = {Dettmers, Tim and Zettlemoyer, Luke},
  primaryclass = {cs.LG},
  archiveprefix = {arXiv},
  journal = {arXiv preprint arXiv:1907.04840},
}

@phdthesis{blalock2020state,
  doi = {10.15368/theses.2020.76},
  source = {Crossref},
  author = {Labarge, Isaac E},
  url = {https://doi.org/10.15368/theses.2020.76},
  title = {Neural Network Pruning for ECG Arrhythmia Classification},
  school = {California Polytechnic State University},
  journal = {Proceedings of Machine Learning and Systems (MLSys)},
  volume = {2},
  pages = {129--146},
}

@article{Han2016,
  title = {Deep Compression: Compressing Deep Neural Networks with Pruning, Trained Quantization and Huffman Coding},
  author = {Han, Song and Mao, Huizi and Dally, William J.},
  year = {2016},
  journal = {International Conference on Learning Representations (ICLR)},
}

@article{Gholami2021,
  url = {http://arxiv.org/abs/2103.13630v3},
  date = {2021-03-25},
  title = {A Survey of Quantization Methods for Efficient Neural Network Inference},
  author = {Gholami, Amir and Kim, Sehoon and Dong, Zhen and Yao, Zhewei and Mahoney, Michael W. and Keutzer, Kurt},
  primaryclass = {cs.CV},
  archiveprefix = {arXiv},
  journal = {arXiv preprint arXiv:2103.13630},
}

@inproceedings{NVIDIA2020,
  doi = {10.1109/hpec55821.2022.9926299},
  source = {Crossref},
  author = {Abdelkhalik, Hamdy and Arafa, Yehia and Santhi, Nandakishore and Badawy, Abdel-Hameed A.},
  date = {2022-09-19},
  url = {https://doi.org/10.1109/hpec55821.2022.9926299},
  booktitle = {2022 IEEE High Performance Extreme Computing Conference (HPEC)},
  publisher = {IEEE},
  title = {Demystifying the Nvidia Ampere Architecture through Microbenchmarking and Instruction-level Analysis},
}

@article{Hoefler2021,
  url = {http://arxiv.org/abs/2102.00554v1},
  date = {2021-01-31},
  title = {Sparsity in Deep Learning: Pruning and growth for efficient inference and training in neural networks},
  author = {Hoefler, Torsten and Alistarh, Dan and Ben-Nun, Tal and Dryden, Nikoli and Peste, Alexandra},
  primaryclass = {cs.LG},
  archiveprefix = {arXiv},
  journal = {arXiv preprint arXiv:2102.00554},
  volume = {22},
  pages = {1--124},
}

@inproceedings{Jouppi2021,
  doi = {10.1109/isca52012.2021.00010},
  pages = {1--14},
  source = {Crossref},
  author = {Jouppi, Norman P. and Hyun Yoon, Doe and Ashcraft, Matthew and Gottscho, Mark and Jablin, Thomas B. and Kurian, George and Laudon, James and Li, Sheng and Ma, Peter and Ma, Xiaoyu and Norrie, Thomas and Patil, Nishant and Prasad, Sushma and Young, Cliff and Zhou, Zongwei and Patterson, David},
  date = {2021-06},
  url = {https://doi.org/10.1109/isca52012.2021.00010},
  booktitle = {2021 ACM/IEEE 48th Annual International Symposium on Computer Architecture (ISCA)},
  publisher = {IEEE},
  title = {Ten Lessons From Three Generations Shaped Google’s TPUv4i : Industrial Product},
  journal = {Proceedings of the IEEE Hot Chips Symposium},
}

@article{Gale2020,
  url = {http://arxiv.org/abs/1903.01649v3},
  date = {2019-03-05},
  title = {On the Bauer-Furuta and Seiberg-Witten invariants of families of $4$-manifolds},
  author = {Baraglia, David and Konno, Hokuto},
  primaryclass = {math.DG},
  archiveprefix = {arXiv},
  journal = {arXiv preprint arXiv:1903.01649},
  booktitle = {Proceedings of the International Conference on Machine Learning (ICML)},
  pages = {8955--8967},
}

@article{Cheng2022,
  title = {Memory-Efficient Deep Learning: Advances in Model Compression and Sparsification},
  author = {Cheng, Yu et al.},
  year = {2022},
  journal = {ACM Computing Surveys},
}

@article{Davies2021,
  title = {Advancing Neuromorphic Computing with Sparse Networks},
  author = {Davies, Mike et al.},
  year = {2021},
  journal = {Nature Electronics},
}

@inproceedings{Denton2014,
  title = {Exploiting Linear Structure Within Convolutional Networks for Efficient Evaluation},
  author = {Emily Denton, Soumith Chintala, Rob Fergus},
  year = {2014},
  booktitle = {Advances in Neural Information Processing Systems (NeurIPS)},
  pages = {1269--1277},
}

@inproceedings{Joulin2017,
  doi = {10.18653/v1/e17-2068},
  source = {Crossref},
  author = {Joulin, Armand and Grave, Edouard and Bojanowski, Piotr and Mikolov, Tomas},
  date = {2017},
  url = {https://doi.org/10.18653/v1/e17-2068},
  booktitle = {Proceedings of the 15th Conference of the European Chapter of the
          Association for Computational Linguistics: Volume 2, Short Papers},
  publisher = {Association for Computational Linguistics},
  title = {Bag of Tricks for Efficient Text Classification},
  journal = {Journal of Machine Learning Research},
  volume = {18},
  pages = {1--42},
}

@article{Bellec2018,
  doi = {10.3389/fnins.2018.00840},
  source = {Crossref},
  volume = {12},
  author = {Liu, Chen and Bellec, Guillaume and Vogginger, Bernhard and Kappel, David and Partzsch, Johannes and Neumärker, Felix and Höppner, Sebastian and Maass, Wolfgang and Furber, Steve B. and Legenstein, Robert and Mayr, Christian G.},
  date = {2018-11-16},
  url = {https://doi.org/10.3389/fnins.2018.00840},
  issn = {1662-453X},
  journal = {Frontiers in Neuroscience},
  publisher = {Frontiers Media SA},
  title = {Memory-Efficient Deep Learning on a SpiNNaker 2 Prototype},
  pages = {840},
  essn = {1662-453X},
  booktitle = {International Conference on Learning Representations (ICLR)},
}

@article{teerapittayanon2016branchynet,
  url = {http://arxiv.org/abs/1709.01686v1},
  date = {2017-09-06},
  title = {BranchyNet: Fast Inference via Early Exiting from Deep Neural Networks},
  author = {Teerapittayanon, Surat and McDanel, Bradley and Kung, H. T.},
  primaryclass = {cs.NE},
  archiveprefix = {arXiv},
  journal = {arXiv preprint arXiv:1709.01686},
}

@article{scardapane2020should,
  title = {Why should I trust you? A survey of explainability of machine learning for healthcare},
  author = {Scardapane, Simone and Wang, Ye and Panella, Massimo},
  year = {2020},
  journal = {Pattern Recognition Letters},
  publisher = {Elsevier},
  volume = {140},
  pages = {47--57},
}

@article{hu2021triple,
  title = {Triple Wins: Boosting Accuracy, Robustness and Efficiency Together by Enabling Input-Adaptive Inference},
  author = {Hu, Bowen and Zhang, Zhiqiang and Fu, Yun},
  year = {2021},
  journal = {Advances in Neural Information Processing Systems},
  volume = {34},
  pages = {18537--18550},
}

@article{yu2023efficient,
  title = {Efficient Early Exiting Strategies for Neural Network Acceleration},
  author = {Yu, Jun and Li, Peng and Wang, Zhenhua},
  year = {2023},
  journal = {IEEE Transactions on Neural Networks and Learning Systems},
  publisher = {IEEE},
}

@article{bengio2015conditional,
  url = {http://arxiv.org/abs/1511.06297v2},
  date = {2015-11-19},
  title = {Conditional Computation in Neural Networks for faster models},
  author = {Bengio, Emmanuel and Bacon, Pierre-Luc and Pineau, Joelle and Precup, Doina},
  primaryclass = {cs.LG},
  archiveprefix = {arXiv},
  journal = {arXiv preprint arXiv:1511.06297},
}

@incollection{wang2018skipnet,
  doi = {10.1007/978-3-030-01261-8\_25},
  pages = {420--436},
  source = {Crossref},
  author = {Wang, Xin and Yu, Fisher and Dou, Zi-Yi and Darrell, Trevor and Gonzalez, Joseph E.},
  date = {2018},
  isbn = {9783030012601,9783030012618},
  url = {https://doi.org/10.1007/978-3-030-01261-8\_25},
  issn = {0302-9743,1611-3349},
  booktitle = {Computer Vision – ECCV 2018},
  publisher = {Springer International Publishing},
  title = {SkipNet: Learning Dynamic Routing in Convolutional Networks},
  organization = {Springer},
}

@inproceedings{sabour2017dynamic,
  title = {Dynamic Routing Between Capsules},
  author = {Sabour, Sara and Frosst, Nicholas and Hinton, Geoffrey E},
  year = {2017},
  booktitle = {Advances in Neural Information Processing Systems},
  volume = {30},
}

@article{huang2023adaptive,
  title = {Adaptive Neural Networks for Real-Time Processing in Autonomous Systems},
  author = {Huang, Wei and Chen, Jie and Zhang, Lei},
  year = {2023},
  journal = {IEEE Transactions on Intelligent Transportation Systems},
  publisher = {IEEE},
}

@inproceedings{shazeer2017outrageously,
  title = {Outrageously large neural networks: The sparsely-gated mixture-of-experts layer},
  author = {Shazeer, Noam and Mirhoseini, Azalia and Maziarz, Piotr and others},
  year = {2017},
  booktitle = {International Conference on Learning Representations},
}

@article{jia2016dynamic,
  title = {Dynamic Filter Networks},
  author = {Jia, Xu and De Brabandere, Bert and Tuytelaars, Tinne and Gool, Luc Van},
  year = {2016},
  journal = {Advances in Neural Information Processing Systems},
  volume = {29},
}

@article{fedus2021switch,
  title = {Switch Transformers: Scaling to Trillion Parameter Models with Simple and Efficient Sparsity},
  author = {Fedus, William and Zoph, Barret and Shazeer, Noam},
  year = {2021},
  journal = {Journal of Machine Learning Research},
}

@inproceedings{lepikhin2020gshard,
  title = {GShard: Scaling Giant Models with Conditional Computation},
  author = {Lepikhin, Dmitry and others},
  year = {2020},
  booktitle = {Proceedings of the International Conference on Learning Representations},
}

@inproceedings{yang2020resolution,
  doi = {10.1109/cvpr42600.2020.00244},
  pages = {2366--2375},
  source = {Crossref},
  author = {Yang, Le and Han, Yizeng and Chen, Xi and Song, Shiji and Dai, Jifeng and Huang, Gao},
  date = {2020-06},
  url = {https://doi.org/10.1109/cvpr42600.2020.00244},
  booktitle = {2020 IEEE/CVF Conference on Computer Vision and Pattern Recognition (CVPR)},
  publisher = {IEEE},
  title = {Resolution Adaptive Networks for Efficient Inference},
  journal = {IEEE Transactions on Pattern Analysis and Machine Intelligence},
}

@inproceedings{wu2019fast,
  title = {Fast Neural Networks: Efficient and Adaptive Computation for Inference},
  author = {Wu, Jian and Cheng, Hao and Zhang, Yifan},
  year = {2019},
  booktitle = {Advances in Neural Information Processing Systems},
}

@article{wang2021glam,
  url = {http://arxiv.org/abs/2103.09113v1},
  date = {2021-03-16},
  title = {EtherSolve: Computing an Accurate Control-Flow Graph from Ethereum Bytecode},
  author = {Contro, Filippo and Crosara, Marco and Ceccato, Mariano and Preda, Mila Dalla},
  primaryclass = {cs.SE},
  archiveprefix = {arXiv},
  journal = {arXiv preprint arXiv:2103.09113},
}

@article{Courbariaux2016,
  title = {BinaryConnect: Training Deep Neural Networks with Binary Weights during Propagations},
  author = {Courbariaux, Matthieu and Bengio, Yoshua and David, Jean-Pierre},
  year = {2016},
  journal = {Advances in Neural Information Processing Systems (NeurIPS)},
  volume = {28},
  pages = {3123--3131},
}

@incollection{Rastegari2016,
  doi = {10.1007/978-3-319-46493-0\_32},
  pages = {525--542},
  source = {Crossref},
  author = {Rastegari, Mohammad and Ordonez, Vicente and Redmon, Joseph and Farhadi, Ali},
  date = {2016},
  isbn = {9783319464923,9783319464930},
  url = {https://doi.org/10.1007/978-3-319-46493-0\_32},
  issn = {0302-9743,1611-3349},
  booktitle = {Computer Vision – ECCV 2016},
  publisher = {Springer International Publishing},
  title = {XNOR-Net: ImageNet Classification Using Binary Convolutional Neural Networks},
  journal = {European Conference on Computer Vision (ECCV)},
}

@article{Hubara2018,
  title = {Quantized Neural Networks: Training Neural Networks with Low Precision Weights and Activations},
  author = {Hubara, Itay and Courbariaux, Matthieu and Soudry, Daniel and El-Yaniv, Ran and Bengio, Yoshua},
  year = {2018},
  journal = {Journal of Machine Learning Research (JMLR)},
  volume = {18},
  pages = {1--30},
}

@article{Bengio2013,
  url = {http://arxiv.org/abs/1308.3432v1},
  date = {2013-08-15},
  title = {Estimating or Propagating Gradients Through Stochastic Neurons for Conditional Computation},
  author = {Bengio, Yoshua and Léonard, Nicholas and Courville, Aaron},
  primaryclass = {cs.LG},
  archiveprefix = {arXiv},
  journal = {arXiv preprint},
  eprint = {1308.3432},
}

@article{Zhu2017,
  title = {Trained Ternary Quantization},
  author = {Zhu, Chenzhuo and Han, Song and Mao, Huizi and Dally, William J.},
  year = {2017},
  journal = {International Conference on Learning Representations (ICLR)},
}

@article{Choi2019,
  url = {http://arxiv.org/abs/1805.06085v2},
  date = {2018-05-16},
  title = {PACT: Parameterized Clipping Activation for Quantized Neural Networks},
  author = {Choi, Jungwook and Wang, Zhuo and Venkataramani, Swagath and Chuang, Pierce I-Jen and Srinivasan, Vijayalakshmi and Gopalakrishnan, Kailash},
  primaryclass = {cs.CV},
  archiveprefix = {arXiv},
  journal = {arXiv preprint},
  eprint = {1805.06085},
}

@article{Li2016,
  url = {http://arxiv.org/abs/1605.04711v3},
  date = {2016-05-16},
  title = {Ternary Weight Networks},
  author = {Li, Fengfu and Liu, Bin and Wang, Xiaoxing and Zhang, Bo and Yan, Junchi},
  primaryclass = {cs.CV},
  archiveprefix = {arXiv},
  journal = {arXiv preprint},
  eprint = {1605.04711},
}

@inproceedings{Umuroglu2017,
  doi = {10.1145/3020078.3021744},
  pages = {65--74},
  source = {Crossref},
  author = {Umuroglu, Yaman and Fraser, Nicholas J. and Gambardella, Giulio and Blott, Michaela and Leong, Philip and Jahre, Magnus and Vissers, Kees},
  subtitle = {A Framework for Fast, Scalable Binarized Neural Network Inference},
  date = {2017-02-22},
  url = {https://doi.org/10.1145/3020078.3021744},
  booktitle = {Proceedings of the 2017 ACM/SIGDA International Symposium on Field-Programmable Gate Arrays},
  publisher = {ACM},
  title = {FINN},
  journal = {ACM/SIGDA International Symposium on Field-Programmable Gate Arrays (FPGA)},
}

@inproceedings{Jacob2018,
  doi = {10.1109/cvpr.2018.00286},
  pages = {2704--2713},
  source = {Crossref},
  author = {Jacob, Benoit and Kligys, Skirmantas and Chen, Bo and Zhu, Menglong and Tang, Matthew and Howard, Andrew and Adam, Hartwig and Kalenichenko, Dmitry},
  date = {2018-06},
  url = {https://doi.org/10.1109/cvpr.2018.00286},
  booktitle = {2018 IEEE/CVF Conference on Computer Vision and Pattern Recognition},
  publisher = {IEEE},
  title = {Quantization and Training of Neural Networks for Efficient Integer-Arithmetic-Only Inference},
  journal = {IEEE Conference on Computer Vision and Pattern Recognition (CVPR)},
}

@article{nagel2021whitepaper,
  url = {http://arxiv.org/abs/2106.08295v1},
  date = {2021-06-15},
  title = {A White Paper on Neural Network Quantization},
  author = {Nagel, Markus and Fournarakis, Marios and Amjad, Rana Ali and Bondarenko, Yelysei and van Baalen, Mart and Blankevoort, Tijmen},
  primaryclass = {cs.LG},
  archiveprefix = {arXiv},
  journal = {arXiv preprint arXiv:2106.08295},
}

@inproceedings{jacob2018quantization,
  doi = {10.1109/cvpr.2018.00286},
  pages = {2704--2713},
  source = {Crossref},
  author = {Jacob, Benoit and Kligys, Skirmantas and Chen, Bo and Zhu, Menglong and Tang, Matthew and Howard, Andrew and Adam, Hartwig and Kalenichenko, Dmitry},
  date = {2018-06},
  url = {https://doi.org/10.1109/cvpr.2018.00286},
  booktitle = {2018 IEEE/CVF Conference on Computer Vision and Pattern Recognition},
  publisher = {IEEE},
  title = {Quantization and Training of Neural Networks for Efficient Integer-Arithmetic-Only Inference},
  journal = {Proceedings of the IEEE Conference on Computer Vision and Pattern Recognition (CVPR)},
}

@article{bengio2013estimating,
  url = {http://arxiv.org/abs/1308.3432v1},
  date = {2013-08-15},
  title = {Estimating or Propagating Gradients Through Stochastic Neurons for Conditional Computation},
  author = {Bengio, Yoshua and Léonard, Nicholas and Courville, Aaron},
  primaryclass = {cs.LG},
  archiveprefix = {arXiv},
  journal = {arXiv preprint arXiv:1308.3432},
}

@article{krishnamoorthi2018quantizing,
  url = {http://arxiv.org/abs/1806.08342v1},
  date = {2018-06-21},
  title = {Quantizing deep convolutional networks for efficient inference: A whitepaper},
  author = {Krishnamoorthi, Raghuraman},
  primaryclass = {cs.LG},
  archiveprefix = {arXiv},
  journal = {arXiv preprint arXiv:1806.08342},
  volume = {abs/1806.08342},
}

@article{gholami2021survey,
  url = {http://arxiv.org/abs/2103.13630v3},
  date = {2021-03-25},
  title = {A Survey of Quantization Methods for Efficient Neural Network Inference},
  author = {Gholami, Amir and Kim, Sehoon and Dong, Zhen and Yao, Zhewei and Mahoney, Michael W. and Keutzer, Kurt},
  primaryclass = {cs.CV},
  archiveprefix = {arXiv},
  journal = {arXiv preprint arXiv:2103.13630},
  volume = {abs/2103.13630},
}

@article{wu2020integer,
  url = {http://arxiv.org/abs/2004.09602v1},
  date = {2020-04-20},
  title = {Integer Quantization for Deep Learning Inference: Principles and Empirical Evaluation},
  author = {Wu, Hao and Judd, Patrick and Zhang, Xiaojie and Isaev, Mikhail and Micikevicius, Paulius},
  primaryclass = {cs.LG},
  archiveprefix = {arXiv},
  journal = {arXiv preprint arXiv:2004.09602},
  volume = {abs/2004.09602},
}

@article{choukroun2019low,
  url = {http://arxiv.org/abs/1908.05033v1},
  date = {2019-08-14},
  title = {Differentiable Soft Quantization: Bridging Full-Precision and Low-Bit Neural Networks},
  author = {Gong, Ruihao and Liu, Xianglong and Jiang, Shenghu and Li, Tianxiang and Hu, Peng and Lin, Jiazhen and Yu, Fengwei and Yan, Junjie},
  primaryclass = {cs.CV},
  archiveprefix = {arXiv},
  journal = {arXiv preprint arXiv:1908.05033},
}

@article{han2015deep,
  url = {http://arxiv.org/abs/1510.00149v5},
  date = {2015-10-01},
  title = {Deep Compression: Compressing Deep Neural Networks with Pruning, Trained Quantization and Huffman Coding},
  author = {Han, Song and Mao, Huizi and Dally, William J.},
  primaryclass = {cs.CV},
  archiveprefix = {arXiv},
  journal = {arXiv preprint arXiv:1510.00149},
}

@article{hinton2015distilling,
  url = {http://arxiv.org/abs/1503.02531v1},
  date = {2015-03-09},
  title = {Distilling the Knowledge in a Neural Network},
  author = {Hinton, Geoffrey and Vinyals, Oriol and Dean, Jeff},
  primaryclass = {stat.ML},
  archiveprefix = {arXiv},
  booktitle = {NIPS Deep Learning and Representation Learning Workshop},
  publisher = {Wiley},
  doi = {10.1002/0471743984.vse0673},
  isbn = {9780471332305,9780471743989},
  eprint = {1503.02531},
  source = {Crossref},
}

@inproceedings{zoph2018learning,
  doi = {10.1109/cvpr.2018.00907},
  pages = {8697--8710},
  source = {Crossref},
  author = {Zoph, Barret and Vasudevan, Vijay and Shlens, Jonathon and Le, Quoc V.},
  date = {2018-06},
  url = {https://doi.org/10.1109/cvpr.2018.00907},
  booktitle = {2018 IEEE/CVF Conference on Computer Vision and Pattern Recognition},
  publisher = {IEEE},
  title = {Learning Transferable Architectures for Scalable Image Recognition},
}

@article{micikevicius2018mixed,
  url = {http://arxiv.org/abs/1710.03740v3},
  date = {2017-10-10},
  title = {Mixed Precision Training},
  author = {Micikevicius, Paulius and Narang, Sharan and Alben, Jonah and Diamos, Gregory and Elsen, Erich and Garcia, David and Ginsburg, Boris and Houston, Michael and Kuchaiev, Oleksii and Venkatesh, Ganesh and Wu, Hao},
  primaryclass = {cs.AI},
  archiveprefix = {arXiv},
  journal = {arXiv preprint arXiv:1710.03740},
}

@article{gale2020sparse,
  url = {http://arxiv.org/abs/1902.09574v1},
  date = {2019-02-25},
  title = {The State of Sparsity in Deep Neural Networks},
  author = {Gale, Trevor and Elsen, Erich and Hooker, Sara},
  primaryclass = {cs.LG},
  archiveprefix = {arXiv},
  journal = {arXiv preprint arXiv:1902.09574},
}

@article{gou2021knowledge,
  number = {6},
  doi = {10.1007/s11263-021-01453-z},
  pages = {1789--1819},
  source = {Crossref},
  volume = {129},
  author = {Gou, Jianping and Yu, Baosheng and Maybank, Stephen J. and Tao, Dacheng},
  date = {2021-03-22},
  url = {https://doi.org/10.1007/s11263-021-01453-z},
  issn = {0920-5691,1573-1405},
  journal = {International Journal of Computer Vision},
  publisher = {Springer Science and Business Media LLC},
  title = {Knowledge Distillation: A Survey},
}

@article{ba2014deep,
  title = {Do Deep Nets Really Need to be Deep?},
  author = {Ba, Jimmy and Caruana, Rich},
  year = {2014},
  journal = {Advances in Neural Information Processing Systems (NeurIPS)},
  volume = {27},
}

@article{tang2020understanding,
  url = {http://arxiv.org/abs/2001.05909v2},
  date = {2020-01-16},
  title = {Primordial black holes and secondary gravitational waves from k/G inflation},
  author = {Lin, Jiong and Gao, Qing and Gong, Yungui and Lu, Yizhou and Zhang, Chao and Zhang, Fengge},
  primaryclass = {gr-qc},
  archiveprefix = {arXiv},
  journal = {arXiv preprint arXiv:2001.05909},
}

@inproceedings{sun2019patient,
  doi = {10.18653/v1/d19-1441},
  source = {Crossref},
  author = {Sun, Siqi and Cheng, Yu and Gan, Zhe and Liu, Jingjing},
  date = {2019},
  url = {https://doi.org/10.18653/v1/d19-1441},
  booktitle = {Proceedings of the 2019 Conference on Empirical Methods in Natural Language Processing and the 9th International Joint Conference on Natural Language Processing (EMNLP-IJCNLP)},
  publisher = {Association for Computational Linguistics},
  title = {Patient Knowledge Distillation for BERT Model Compression},
}

@article{sanh2019distilbert,
  url = {http://arxiv.org/abs/1910.01108v4},
  date = {2019-10-02},
  title = {DistilBERT, a distilled version of BERT: smaller, faster, cheaper and lighter},
  author = {Sanh, Victor and Debut, Lysandre and Chaumond, Julien and Wolf, Thomas},
  primaryclass = {cs.CL},
  archiveprefix = {arXiv},
  journal = {arXiv preprint arXiv:1910.01108},
}

@inproceedings{jiao2020tinybert,
  doi = {10.18653/v1/2020.findings-emnlp.372},
  source = {Crossref},
  author = {Jiao, Xiaoqi and Yin, Yichun and Shang, Lifeng and Jiang, Xin and Chen, Xiao and Li, Linlin and Wang, Fang and Liu, Qun},
  date = {2020},
  url = {https://doi.org/10.18653/v1/2020.findings-emnlp.372},
  booktitle = {Findings of the Association for Computational Linguistics: EMNLP 2020},
  publisher = {Association for Computational Linguistics},
  title = {TinyBERT: Distilling BERT for Natural Language Understanding},
}

@inproceedings{gordon2020compressing,
  doi = {10.18653/v1/2020.repl4nlp-1.18},
  source = {Crossref},
  author = {Gordon, Mitchell and Duh, Kevin and Andrews, Nicholas},
  date = {2020},
  url = {https://doi.org/10.18653/v1/2020.repl4nlp-1.18},
  booktitle = {Proceedings of the 5th Workshop on Representation Learning for NLP},
  publisher = {Association for Computational Linguistics},
  title = {Compressing BERT: Studying the Effects of Weight Pruning on Transfer Learning},
}

@article{howard2017mobilenets,
  url = {http://arxiv.org/abs/1704.04861v1},
  date = {2017-04-17},
  title = {MobileNets: Efficient Convolutional Neural Networks for Mobile Vision Applications},
  author = {Howard, Andrew G. and Zhu, Menglong and Chen, Bo and Kalenichenko, Dmitry and Wang, Weijun and Weyand, Tobias and Andreetto, Marco and Adam, Hartwig},
  primaryclass = {cs.CV},
  archiveprefix = {arXiv},
  journal = {ArXiv preprint},
  booktitle = {arXiv preprint arXiv:1704.04861},
  volume = {abs/1704.04861},
}

@article{chen2016training,
  url = {http://arxiv.org/abs/1608.04665v2},
  date = {2016-08-16},
  title = {Kodaikanal Digitized White-light Data Archive (1921-2011): Analysis of various solar cycle features},
  author = {Mandal, Sudip and Hegde, Manjunath and Samanta, Tanmoy and Hazra, Gopal and Banerjee, Dipankar and Ravindra, B},
  primaryclass = {astro-ph.SR},
  archiveprefix = {arXiv},
  journal = {arXiv preprint arXiv:1608.04665},
}

@article{sheng2019qbert,
  url = {http://arxiv.org/abs/1909.05840v2},
  date = {2019-09-12},
  title = {Q-BERT: Hessian Based Ultra Low Precision Quantization of BERT},
  author = {Shen, Sheng and Dong, Zhen and Ye, Jiayu and Ma, Linjian and Yao, Zhewei and Gholami, Amir and Mahoney, Michael W. and Keutzer, Kurt},
  primaryclass = {cs.CL},
  archiveprefix = {arXiv},
  journal = {Proceedings of the AAAI Conference on Artificial Intelligence},
  booktitle = {Proceedings of the AAAI Conference on Artificial Intelligence},
  publisher = {Association for the Advancement of Artificial Intelligence (AAAI)},
  volume = {34},
  number = {05},
  pages = {8815--8821},
  doi = {10.1609/aaai.v34i05.6409},
  issn = {2374-3468,2159-5399},
  bibsource = {dblp computer science bibliography, https://dblp.org},
  biburl = {https://dblp.org/rec/journals/corr/abs-1909-05840.bib},
  eprint = {1909.05840},
  eprinttype = {arXiv},
  timestamp = {Wed, 18 Sep 2019 10:38:36 +0200},
  source = {Crossref},
}

@inproceedings{vaswani2017attention,
  doi = {10.18653/v1/p18-1008},
  source = {Crossref},
  author = {Chen, Mia Xu and Firat, Orhan and Bapna, Ankur and Johnson, Melvin and Macherey, Wolfgang and Foster, George and Jones, Llion and Schuster, Mike and Shazeer, Noam and Parmar, Niki and Vaswani, Ashish and Uszkoreit, Jakob and Kaiser, Lukasz and Chen, Zhifeng and Wu, Yonghui and Hughes, Macduff},
  date = {2018},
  url = {https://doi.org/10.18653/v1/p18-1008},
  booktitle = {Proceedings of the 56th Annual Meeting of the Association for Computational Linguistics (Volume 1: Long Papers)},
  publisher = {Association for Computational Linguistics},
  title = {The Best of Both Worlds: Combining Recent Advances in Neural Machine Translation},
  journal = {Adv Neural Inf Process Syst},
  volume = {30},
  pages = {5998--6008},
}

@article{lin2023awq,
  url = {http://arxiv.org/abs/2306.00978v5},
  date = {2023-06-01},
  title = {AWQ: Activation-aware Weight Quantization for LLM Compression and Acceleration},
  author = {Lin, Ji and Tang, Jiaming and Tang, Haotian and Yang, Shang and Chen, Wei-Ming and Wang, Wei-Chen and Xiao, Guangxuan and Dang, Xingyu and Gan, Chuang and Han, Song},
  primaryclass = {cs.CL},
  archiveprefix = {arXiv},
  journal = {arXiv preprint arXiv:2306.00978},
  volume = {abs/2306.00978},
}

@inproceedings{yao2021hawq,
  title = {HAWQ-V3: Dyadic Neural Network Quantization},
  author = {Yao, Zhewei and Gholami, Amir and Shen, Sheng and Keutzer, Kurt and Mahoney, Michael W.},
  year = {2021},
  booktitle = {Proceedings of the 38th International Conference on Machine Learning (ICML)},
  pages = {11875--11886},
  organization = {PMLR},
}

@incollection{elsken2019neural,
  doi = {10.1007/978-3-030-05318-5\_3},
  pages = {63--77},
  source = {Crossref},
  author = {Elsken, Thomas and Metzen, Jan Hendrik and Hutter, Frank},
  date = {2019},
  isbn = {9783030053178,9783030053185},
  url = {https://doi.org/10.1007/978-3-030-05318-5\_3},
  issn = {2520-131X,2520-1328},
  booktitle = {Automated Machine Learning},
  publisher = {Springer International Publishing},
  title = {Neural Architecture Search},
  journal = {Journal of Machine Learning Research},
  volume = {20},
  number = {55},
}

@inproceedings{zoph2017neural,
  title = {Neural Architecture Search with Reinforcement Learning},
  author = {Zoph, Barret and Le, Quoc V},
  year = {2017},
  booktitle = {International Conference on Learning Representations (ICLR)},
}

@article{real2019regularized,
  number = {01},
  doi = {10.1609/aaai.v33i01.33014780},
  pages = {4780--4789},
  source = {Crossref},
  volume = {33},
  author = {Real, Esteban and Aggarwal, Alok and Huang, Yanping and Le, Quoc V.},
  date = {2019-07-17},
  url = {https://doi.org/10.1609/aaai.v33i01.33014780},
  issn = {2374-3468,2159-5399},
  journal = {Proceedings of the AAAI Conference on Artificial Intelligence},
  publisher = {Association for the Advancement of Artificial Intelligence (AAAI)},
  title = {Regularized Evolution for Image Classifier Architecture Search},
  booktitle = {AAAI Conference on Artificial Intelligence},
}

@inproceedings{tan2019efficientnet,
  title = {EfficientNet: Rethinking Model Scaling for Convolutional Neural Networks},
  author = {Tan, Mingxing and Le, Quoc V},
  year = {2019},
  booktitle = {International Conference on Machine Learning (ICML)},
  pages = {6105--6114},
}

@inproceedings{wu2019fbnet,
  doi = {10.1109/cvpr.2019.01099},
  pages = {10726--10734},
  source = {Crossref},
  author = {Wu, Bichen and Keutzer, Kurt and Dai, Xiaoliang and Zhang, Peizhao and Wang, Yanghan and Sun, Fei and Wu, Yiming and Tian, Yuandong and Vajda, Peter and Jia, Yangqing},
  date = {2019-06},
  url = {https://doi.org/10.1109/cvpr.2019.01099},
  booktitle = {2019 IEEE/CVF Conference on Computer Vision and Pattern Recognition (CVPR)},
  publisher = {IEEE},
  title = {FBNet: Hardware-Aware Efficient ConvNet Design via Differentiable Neural Architecture Search},
  bibsource = {dblp computer science bibliography, https://dblp.org},
  biburl = {https://dblp.org/rec/conf/cvpr/WuDZWSWTVJK19.bib},
  timestamp = {Mon, 20 Jan 2020 00:00:00 +0100},
}

@inproceedings{radosavovic2020designing,
  doi = {10.1109/cvpr42600.2020.01044},
  source = {Crossref},
  author = {Radosavovic, Ilija and Kosaraju, Raj Prateek and Girshick, Ross and He, Kaiming and Dollar, Piotr},
  date = {2020-06},
  url = {https://doi.org/10.1109/cvpr42600.2020.01044},
  booktitle = {2020 IEEE/CVF Conference on Computer Vision and Pattern Recognition (CVPR)},
  publisher = {IEEE},
  title = {Designing Network Design Spaces},
  journal = {IEEE Conference on Computer Vision and Pattern Recognition (CVPR)},
  pages = {10428--10436},
}

@article{hu2021lora,
  url = {http://arxiv.org/abs/2106.09685v2},
  date = {2021-06-17},
  title = {LoRA: Low-Rank Adaptation of Large Language Models},
  author = {Hu, Edward J. and Shen, Yelong and Wallis, Phillip and Allen-Zhu, Zeyuan and Li, Yuanzhi and Wang, Shean and Wang, Lu and Chen, Weizhu},
  primaryclass = {cs.CL},
  archiveprefix = {arXiv},
  journal = {arXiv preprint arXiv:2106.09685},
}

@inproceedings{jouppi2017datacenter,
  doi = {10.1145/3079856.3080246},
  source = {Crossref},
  author = {Jouppi, Norman P. and Young, Cliff and Patil, Nishant and Patterson, David and Agrawal, Gaurav and Bajwa, Raminder and Bates, Sarah and Bhatia, Suresh and Boden, Nan and Borchers, Al and Boyle, Rick and Cantin, Pierre-luc and Chao, Clifford and Clark, Chris and Coriell, Jeremy and Daley, Mike and Dau, Matt and Dean, Jeffrey and Gelb, Ben and Ghaemmaghami, Tara Vazir and Gottipati, Rajendra and Gulland, William and Hagmann, Robert and Ho, C. Richard and Hogberg, Doug and Hu, John and Hundt, Robert and Hurt, Dan and Ibarz, Julian and Jaffey, Aaron and Jaworski, Alek and Kaplan, Alexander and Khaitan, Harshit and Killebrew, Daniel and Koch, Andy and Kumar, Naveen and Lacy, Steve and Laudon, James and Law, James and Le, Diemthu and Leary, Chris and Liu, Zhuyuan and Lucke, Kyle and Lundin, Alan and MacKean, Gordon and Maggiore, Adriana and Mahony, Maire and Miller, Kieran and Nagarajan, Rahul and Narayanaswami, Ravi and Ni, Ray and Nix, Kathy and Norrie, Thomas and Omernick, Mark and Penukonda, Narayana and Phelps, Andy and Ross, Jonathan and Ross, Matt and Salek, Amir and Samadiani, Emad and Severn, Chris and Sizikov, Gregory and Snelham, Matthew and Souter, Jed and Steinberg, Dan and Swing, Andy and Tan, Mercedes and Thorson, Gregory and Tian, Bo and Toma, Horia and Tuttle, Erick and Vasudevan, Vijay and Walter, Richard and Wang, Walter and Wilcox, Eric and Yoon, Doe Hyun},
  date = {2017-06-24},
  url = {https://doi.org/10.1145/3079856.3080246},
  booktitle = {Proceedings of the 44th Annual International Symposium on Computer Architecture},
  publisher = {ACM},
  title = {In-Datacenter Performance Analysis of a Tensor Processing Unit},
  journal = {Proceedings of the 44th Annual International Symposium on Computer Architecture (ISCA)},
  pages = {1--12},
}

@article{jonathan2019lottery,
  url = {http://arxiv.org/abs/1803.03635v5},
  date = {2018-03-09},
  title = {The Lottery Ticket Hypothesis: Finding Sparse, Trainable Neural Networks},
  author = {Frankle, Jonathan and Carbin, Michael},
  primaryclass = {cs.LG},
  archiveprefix = {arXiv},
  journal = {arXiv preprint arXiv:1803.03635},
  booktitle = {7th International Conference on Learning Representations, ICLR 2019, New Orleans, LA, USA, May 6-9, 2019},
  publisher = {OpenReview.net},
  source = {DBLP},
  bibsource = {dblp computer science bibliography, https://dblp.org},
  biburl = {https://dblp.org/rec/conf/iclr/FrankleC19.bib},
  timestamp = {Thu, 25 Jul 2019 01:00:00 +0200},
}

@inproceedings{tran2022pruning,
  doi = {10.1109/bigdata59044.2023.10386574},
  pages = {5460--5465},
  source = {Crossref},
  author = {Carey, Alycia N. and Bhaila, Karuna and Wu, Xintao},
  date = {2023-12-15},
  url = {https://doi.org/10.1109/bigdata59044.2023.10386574},
  booktitle = {2023 IEEE International Conference on Big Data (BigData)},
  publisher = {IEEE},
  title = {Randomized Response Has No Disparate Impact on Model Accuracy},
  journal = {Adv Neural Inf Process Syst},
  volume = {35},
}

@inproceedings{rachwan2022winning,
  title = {Winning the lottery ahead of time: Efficient early network pruning},
  author = {Rachwan, John and Zügner, Daniel and Charpentier, Bertrand and Geisler, Simon and Ayle, Morgane and Günnemann, Stephan},
  year = {2022},
  booktitle = {International Conference on Machine Learning},
  pages = {18293--18309},
  organization = {PMLR},
}

@article{lubana2020gradient,
  url = {http://arxiv.org/abs/2009.11839v4},
  date = {2020-09-24},
  title = {A Gradient Flow Framework For Analyzing Network Pruning},
  author = {Lubana, Ekdeep Singh and Dick, Robert P.},
  primaryclass = {cs.LG},
  archiveprefix = {arXiv},
  journal = {arXiv preprint arXiv:2009.11839},
}

@inproceedings{cai2018proxylessnas,
  title = {ProxylessNAS: Direct Neural Architecture Search on Target Task and Hardware},
  author = {Cai, Han and Zhu, Ligeng and Han, Song},
  year = {2019},
  booktitle = {7th International Conference on Learning Representations, ICLR 2019, New Orleans, LA, USA, May 6-9, 2019},
  publisher = {OpenReview.net},
  url = {https://openreview.net/forum?id=HylVB3AqYm},
  bibsource = {dblp computer science bibliography, https://dblp.org},
  biburl = {https://dblp.org/rec/conf/iclr/CaiZH19.bib},
  timestamp = {Tue, 24 Nov 2020 00:00:00 +0100},
}

@article{qi2021efficient,
  number = {1},
  doi = {10.1186/s13634-021-00744-4},
  source = {Crossref},
  volume = {2021},
  author = {Qi, Chen and Shen, Shibo and Li, Rongpeng and Zhao, Zhifeng and Liu, Qing and Liang, Jing and Zhang, Honggang},
  date = {2021-06-29},
  url = {https://doi.org/10.1186/s13634-021-00744-4},
  issn = {1687-6180},
  journal = {EURASIP Journal on Advances in Signal Processing},
  publisher = {Springer Science and Business Media LLC},
  title = {An efficient pruning scheme of deep neural networks for Internet of Things applications},
  pages = {31},
}

@inproceedings{chu2021discovering,
  doi = {10.1109/cvprw53098.2021.00337},
  pages = {3016--3025},
  source = {Crossref},
  author = {Chu, Grace and Arikan, Okan and Bender, Gabriel and Wang, Weijun and Brighton, Achille and Kindermans, Pieter-Jan and Liu, Hanxiao and Akin, Berkin and Gupta, Suyog and Howard, Andrew},
  date = {2021-06},
  url = {https://doi.org/10.1109/cvprw53098.2021.00337},
  booktitle = {2021 IEEE/CVF Conference on Computer Vision and Pattern Recognition Workshops (CVPRW)},
  publisher = {IEEE},
  title = {Discovering Multi-Hardware Mobile Models via Architecture Search},
  bibsource = {dblp computer science bibliography, https://dblp.org},
  biburl = {https://dblp.org/rec/conf/cvpr/ChuABWBKLAG021.bib},
  timestamp = {Mon, 18 Jul 2022 01:00:00 +0200},
}

@inproceedings{dong2022splitnets,
  doi = {10.1109/cvpr52688.2022.01223},
  pages = {12549--12559},
  source = {Crossref},
  author = {Dong, Xin and De Salvo, Barbara and Li, Meng and Liu, Chiao and Qu, Zhongnan and Kung, H.T. and Li, Ziyun},
  date = {2022-06},
  url = {https://doi.org/10.1109/cvpr52688.2022.01223},
  booktitle = {2022 IEEE/CVF Conference on Computer Vision and Pattern Recognition (CVPR)},
  publisher = {IEEE},
  title = {SplitNets: Designing Neural Architectures for Efficient Distributed Computing on Head-Mounted Systems},
  bibsource = {dblp computer science bibliography, https://dblp.org},
  biburl = {https://dblp.org/rec/conf/cvpr/DongSLLQ0L22.bib},
  timestamp = {Sun, 22 Jan 2023 00:00:00 +0100},
}

@article{fahim2021hls4ml,
  url = {http://arxiv.org/abs/2103.05579v3},
  date = {2021-03-09},
  title = {hls4ml: An Open-Source Codesign Workflow to Empower Scientific Low-Power Machine Learning Devices},
  author = {Fahim, Farah and Hawks, Benjamin and Herwig, Christian and Hirschauer, James and Jindariani, Sergo and Tran, Nhan and Carloni, Luca P. and Guglielmo, Giuseppe Di and Harris, Philip and Krupa, Jeffrey and Rankin, Dylan and Valentin, Manuel Blanco and Hester, Josiah and Luo, Yingyi and Mamish, John and Orgrenci-Memik, Seda and Aarrestad, Thea and Javed, Hamza and Loncar, Vladimir and Pierini, Maurizio and Pol, Adrian Alan and Summers, Sioni and Duarte, Javier and Hauck, Scott and Hsu, Shih-Chieh and Ngadiuba, Jennifer and Liu, Mia and Hoang, Duc and Kreinar, Edward and Wu, Zhenbin},
  primaryclass = {cs.LG},
  archiveprefix = {arXiv},
  eprint = {2103.05579},
}

@inproceedings{gordon2018morphnet,
  doi = {10.1109/cvpr.2018.00171},
  pages = {1586--1595},
  source = {Crossref},
  author = {Gordon, Ariel and Eban, Elad and Nachum, Ofir and Chen, Bo and Wu, Hao and Yang, Tien-Ju and Choi, Edward},
  date = {2018-06},
  url = {https://doi.org/10.1109/cvpr.2018.00171},
  booktitle = {2018 IEEE/CVF Conference on Computer Vision and Pattern Recognition},
  publisher = {IEEE},
  title = {MorphNet: Fast \&amp; Simple Resource-Constrained Structure Learning of Deep Networks},
}

@misc{gu2023deep,
  title = {Deep Learning Model Compression (ii) by Ivy Gu Medium},
  author = {Gu, Ivy},
  year = {2023},
  url = {https://ivygdy.medium.com/deep-learning-model-compression-ii-546352ea9453},
  urldate = {2023-10-20},
  bdsk-url-1 = {https://ivygdy.medium.com/deep-learning-model-compression-ii-546352ea9453},
}

@article{hawks2021psandqs,
  doi = {10.3389/frai.2021.676564},
  source = {Crossref},
  volume = {4},
  author = {Hawks, Benjamin and Duarte, Javier and Fraser, Nicholas J. and Pappalardo, Alessandro and Tran, Nhan and Umuroglu, Yaman},
  date = {2021-07-09},
  url = {https://doi.org/10.3389/frai.2021.676564},
  issn = {2624-8212},
  journal = {Frontiers in Artificial Intelligence},
  publisher = {Frontiers Media SA},
  title = {Ps and Qs: Quantization-Aware Pruning for Efficient Low Latency Neural Network Inference},
}

@inproceedings{hegde2023introduction,
  doi = {10.1109/intellisys.2017.8324241},
  pages = {112--116},
  source = {Crossref},
  author = {Ghosh, Tapabrata},
  date = {2017-09},
  url = {https://doi.org/10.1109/intellisys.2017.8324241},
  booktitle = {2017 Intelligent Systems Conference (IntelliSys)},
  publisher = {IEEE},
  title = {Towards a new interpretation of separable convolutions},
  urldate = {2023-10-20},
  bdsk-url-1 = {https://www.analyticsvidhya.com/blog/2021/11/an-introduction-to-separable-convolutions/},
}

@article{iandola2016squeezenet,
  url = {http://arxiv.org/abs/1602.07360v4},
  date = {2016-02-24},
  title = {SqueezeNet: AlexNet-level accuracy with 50x fewer parameters and <0.5MB model size},
  author = {Iandola, Forrest N. and Han, Song and Moskewicz, Matthew W. and Ashraf, Khalid and Dally, William J. and Keutzer, Kurt},
  primaryclass = {cs.CV},
  archiveprefix = {arXiv},
  journal = {ArXiv preprint},
  volume = {abs/1602.07360},
}

@misc{intellabs2023knowledge,
  doi = {10.31219/osf.io/4n2cb},
  source = {Crossref},
  author = {Ghojogh, Benyamin and Ghodsi, Ali},
  date = {2024-10-15},
  url = {https://doi.org/10.31219/osf.io/4n2cb},
  publisher = {Center for Open Science},
  title = {Neural Network Compression and Knowledge Distillation: Tutorial and Survey},
  urldate = {2023-10-20},
  bdsk-url-1 = {https://intellabs.github.io/distiller/knowledge\_distillation.html},
}

@inproceedings{isscc2014computings,
  doi = {10.1109/isscc.2014.6757323},
  source = {Crossref},
  author = {Horowitz, Mark},
  date = {2014-02},
  url = {https://doi.org/10.1109/isscc.2014.6757323},
  booktitle = {2014 IEEE International Solid-State Circuits Conference Digest of Technical Papers (ISSCC)},
  publisher = {IEEE},
  title = {1.1 Computing's energy problem (and what we can do about it)},
  urldate = {2014-03-06},
  bdsk-url-1 = {https://ieeexplore.ieee.org/document/6757323},
}

@article{jiang2019accuracy,
  url = {http://arxiv.org/abs/1901.11211v1},
  date = {2019-01-31},
  title = {Accuracy vs. Efficiency: Achieving Both through FPGA-Implementation Aware Neural Architecture Search},
  author = {Jiang, Weiwen and Zhang, Xinyi and Sha, Edwin H. -M. and Yang, Lei and Zhuge, Qingfeng and Shi, Yiyu and Hu, Jingtong},
  primaryclass = {cs.DC},
  archiveprefix = {arXiv},
  publisher = {Wiley},
  pages = {351--375},
  doi = {10.1002/9783527829026.ch13},
  isbn = {9783527348091,9783527829026},
  eprint = {1901.11211},
  source = {Crossref},
}

@article{koren2009matrix,
  number = {8},
  doi = {10.1109/mc.2009.263},
  pages = {30--37},
  source = {Crossref},
  volume = {42},
  author = {Koren, Yehuda and Bell, Robert and Volinsky, Chris},
  date = {2009-08},
  url = {https://doi.org/10.1109/mc.2009.263},
  issn = {0018-9162},
  journal = {Computer},
  publisher = {Institute of Electrical and Electronics Engineers (IEEE)},
  title = {Matrix Factorization Techniques for Recommender Systems},
}

@article{krishna2023raman,
  url = {http://arxiv.org/abs/2306.06493v1},
  date = {2023-06-10},
  title = {RAMAN: A Re-configurable and Sparse tinyML Accelerator for Inference on Edge},
  author = {Krishna, Adithya and Nudurupati, Srikanth Rohit and G, Chandana D and Dwivedi, Pritesh and van Schaik, André and Mehendale, Mahesh and Thakur, Chetan Singh},
  primaryclass = {cs.NE},
  archiveprefix = {arXiv},
  eprint = {2306.06493},
}

@article{kuzmin2022fp8,
  url = {http://arxiv.org/abs/2208.09225v2},
  date = {2022-08-19},
  title = {FP8 Quantization: The Power of the Exponent},
  author = {Kuzmin, Andrey and Baalen, Mart Van and Ren, Yuwei and Nagel, Markus and Peters, Jorn and Blankevoort, Tijmen},
  primaryclass = {cs.LG},
  archiveprefix = {arXiv},
  eprint = {2208.09225},
}

@article{kwon2021hardwaresoftware,
  number = {22},
  doi = {10.3390/app112211073},
  pages = {11073},
  source = {Crossref},
  volume = {11},
  author = {Kwon, Jisu and Park, Daejin},
  date = {2021-11-22},
  url = {https://doi.org/10.3390/app112211073},
  issn = {2076-3417},
  journal = {Applied Sciences},
  publisher = {MDPI AG},
  title = {Hardware/Software Co-Design for TinyML Voice-Recognition Application on Resource Frugal Edge Devices},
  article-number = {11073},
  bdsk-url-1 = {https://www.mdpi.com/2076-3417/11/22/11073},
  bdsk-url-2 = {https://doi.org/10.3390/app112211073},
}

@article{lai2018cmsisnn,
  url = {http://arxiv.org/abs/1801.06601v1},
  date = {2018-01-19},
  title = {CMSIS-NN: Efficient Neural Network Kernels for Arm Cortex-M CPUs},
  author = {Lai, Liangzhen and Suda, Naveen and Chandra, Vikas},
  primaryclass = {cs.NE},
  archiveprefix = {arXiv},
  eprint = {1801.06601},
}

@inproceedings{lin2020mcunet,
  title = {MCUNet: Tiny Deep Learning on IoT Devices},
  author = {Lin, Ji and Chen, Wei-Ming and Lin, Yujun and Cohn, John and Gan, Chuang and Han, Song},
  year = {2020},
  booktitle = {Advances in Neural Information Processing Systems 33: Annual Conference on Neural Information Processing Systems 2020, NeurIPS 2020, December 6-12, 2020, virtual},
  url = {https://proceedings.neurips.cc/paper/2020/hash/86c51678350f656dcc7f490a43946ee5-Abstract.html},
  editor = {Larochelle, Hugo and Ranzato, Marc'Aurelio and Hadsell, Raia and Balcan, Maria-Florina and Lin, Hsuan-Tien},
  bibsource = {dblp computer science bibliography, https://dblp.org},
  biburl = {https://dblp.org/rec/conf/nips/LinCLCG020.bib},
  timestamp = {Thu, 11 Feb 2021 00:00:00 +0100},
}

@inproceedings{prakash2022cfu,
  doi = {10.1109/ispass57527.2023.00024},
  pages = {157--167},
  source = {Crossref},
  author = {Prakash, Shvetank and Callahan, Tim and Bushagour, Joseph and Banbury, Colby and Green, Alan V. and Warden, Pete and Ansell, Tim and Reddi, Vijay Janapa},
  date = {2023-04},
  url = {https://doi.org/10.1109/ispass57527.2023.00024},
  booktitle = {2023 IEEE International Symposium on Performance Analysis of Systems and Software (ISPASS)},
  publisher = {IEEE},
  title = {CFU Playground: Full-Stack Open-Source Framework for Tiny Machine Learning (TinyML) Acceleration on FPGAs},
  journal = {ArXiv preprint},
  volume = {abs/2201.01863},
}

@inproceedings{tan2019mnasnet,
  doi = {10.1109/cvpr.2019.00293},
  pages = {2815--2823},
  source = {Crossref},
  author = {Tan, Mingxing and Chen, Bo and Pang, Ruoming and Vasudevan, Vijay and Sandler, Mark and Howard, Andrew and Le, Quoc V.},
  date = {2019-06},
  url = {https://doi.org/10.1109/cvpr.2019.00293},
  booktitle = {2019 IEEE/CVF Conference on Computer Vision and Pattern Recognition (CVPR)},
  publisher = {IEEE},
  title = {MnasNet: Platform-Aware Neural Architecture Search for Mobile},
  bibsource = {dblp computer science bibliography, https://dblp.org},
  biburl = {https://dblp.org/rec/conf/cvpr/TanCPVSHL19.bib},
  timestamp = {Tue, 12 Jan 2021 00:00:00 +0100},
}

@article{tan2020efficientnet,
  url = {http://arxiv.org/abs/1905.11946v5},
  date = {2019-05-28},
  title = {EfficientNet: Rethinking Model Scaling for Convolutional Neural Networks},
  author = {Tan, Mingxing and Le, Quoc V.},
  primaryclass = {cs.LG},
  archiveprefix = {arXiv},
  publisher = {Wiley},
  pages = {111--131},
  doi = {10.1002/9781394205639.ch6},
  isbn = {9781394205608,9781394205639},
  eprint = {1905.11946},
  source = {Crossref},
}

@misc{ultimate,
  title = {The Ultimate Guide to Deep Learning Model Quantization and Quantization-Aware Training},
  url = {https://deci.ai/quantization-and-quantization-aware-training/},
  bdsk-url-1 = {https://deci.ai/quantization-and-quantization-aware-training/},
}

@article{xiao2022smoothquant,
  url = {http://arxiv.org/abs/2211.10438v7},
  date = {2022-11-18},
  title = {SmoothQuant: Accurate and Efficient Post-Training Quantization for Large Language Models},
  author = {Xiao, Guangxuan and Lin, Ji and Seznec, Mickael and Wu, Hao and Demouth, Julien and Han, Song},
  primaryclass = {cs.CL},
  archiveprefix = {arXiv},
  journal = {ArXiv preprint},
  volume = {abs/2211.10438},
}

@article{xinyu,
  number = {4},
  doi = {10.1038/s41583-021-00432-0},
  pages = {209--222},
  source = {Crossref},
  volume = {22},
  author = {Richter, Joel D. and Zhao, Xinyu},
  date = {2021-02-19},
  url = {https://doi.org/10.1038/s41583-021-00432-0},
  issn = {1471-003X,1471-0048},
  journal = {Nature Reviews Neuroscience},
  publisher = {Springer Science and Business Media LLC},
  title = {The molecular biology of FMRP: new insights into fragile X syndrome},
  essn = {1471-0048},
  abstract = {Some simple examples for showing how to use tensor decomposition to reconstruct fluid dynamics},
  bdsk-url-1 = {https://medium.com/},
}

@inproceedings{xu2018alternating,
  title = {Alternating Multi-bit Quantization for Recurrent Neural Networks},
  author = {Xu, Chen and Yao, Jianqiang and Lin, Zhouchen and Ou, Wenwu and Cao, Yuanbin and Wang, Zhirong and Zha, Hongbin},
  year = {2018},
  booktitle = {6th International Conference on Learning Representations, ICLR 2018, Vancouver, BC, Canada, April 30 - May 3, 2018, Conference Track Proceedings},
  publisher = {OpenReview.net},
  url = {https://openreview.net/forum?id=S19dR9x0b},
  bibsource = {dblp computer science bibliography, https://dblp.org},
  biburl = {https://dblp.org/rec/conf/iclr/XuYLOCWZ18.bib},
  timestamp = {Thu, 25 Jul 2019 01:00:00 +0200},
}

@article{yang2020coexploration,
  url = {http://arxiv.org/abs/2002.04116v1},
  date = {2020-02-10},
  title = {Co-Exploration of Neural Architectures and Heterogeneous ASIC Accelerator Designs Targeting Multiple Tasks},
  author = {Yang, Lei and Yan, Zheyu and Li, Meng and Kwon, Hyoukjun and Lai, Liangzhen and Krishna, Tushar and Chandra, Vikas and Jiang, Weiwen and Shi, Yiyu},
  primaryclass = {cs.LG},
  archiveprefix = {arXiv},
  publisher = {Wiley},
  pages = {523--587},
  doi = {10.1002/9783527667703.ch67},
  isbn = {9783527411917,9783527667703},
  eprint = {2002.04116},
  source = {Crossref},
}

@article{zhang2019autoshrink,
  number = {04},
  doi = {10.1609/aaai.v34i04.6163},
  pages = {6829--6836},
  source = {Crossref},
  volume = {34},
  author = {Zhang, Tunhou and Cheng, Hsin-Pai and Li, Zhenwen and Yan, Feng and Huang, Chengyu and Li, Hai and Chen, Yiran},
  date = {2020-04-03},
  url = {https://doi.org/10.1609/aaai.v34i04.6163},
  issn = {2374-3468,2159-5399},
  journal = {Proceedings of the AAAI Conference on Artificial Intelligence},
  publisher = {Association for the Advancement of Artificial Intelligence (AAAI)},
  title = {AutoShrink: A Topology-Aware NAS for Discovering Efficient Neural Architecture},
  booktitle = {The Thirty-Fourth AAAI Conference on Artificial Intelligence, AAAI 2020, The Thirty-Second Innovative Applications of Artificial Intelligence Conference, IAAI 2020, The Tenth AAAI Symposium on Educational Advances in Artificial Intelligence, EAAI 2020, New York, NY, USA, February 7-12, 2020},
  bibsource = {dblp computer science bibliography, https://dblp.org},
  biburl = {https://dblp.org/rec/conf/aaai/ZhangCL0HLC20.bib},
  timestamp = {Tue, 02 Feb 2021 00:00:00 +0100},
}

@inproceedings{zhang2020fast,
  doi = {10.1109/cvprw50498.2020.00354},
  source = {Crossref},
  author = {Zhang, Li Lyna and Yang, Yuqing and Jiang, Yuhang and Zhu, Wenwu and Liu, Yunxin},
  date = {2020-06},
  url = {https://doi.org/10.1109/cvprw50498.2020.00354},
  booktitle = {2020 IEEE/CVF Conference on Computer Vision and Pattern Recognition Workshops (CVPRW)},
  publisher = {IEEE},
  title = {Fast Hardware-Aware Neural Architecture Search},
}

@article{zhou2021analognets,
  url = {http://arxiv.org/abs/2111.06503v1},
  date = {2021-11-10},
  title = {AnalogNets: ML-HW Co-Design of Noise-robust TinyML Models and Always-On Analog Compute-in-Memory Accelerator},
  author = {Zhou, Chuteng and Redondo, Fernando Garcia and Büchel, Julian and Boybat, Irem and Comas, Xavier Timoneda and Nandakumar, S. R. and Das, Shidhartha and Sebastian, Abu and Gallo, Manuel Le and Whatmough, Paul N.},
  primaryclass = {cs.AR},
  archiveprefix = {arXiv},
  eprint = {2111.06503},
}

@article{annette2020,
  doi = {10.1109/access.2020.3047259},
  pages = {3545--3556},
  source = {Crossref},
  volume = {9},
  author = {Wess, Matthias and Ivanov, Matvey and Unger, Christoph and Nookala, Anvesh and Wendt, Alexander and Jantsch, Axel},
  date = {2021},
  url = {https://doi.org/10.1109/access.2020.3047259},
  issn = {2169-3536},
  journal = {IEEE Access},
  publisher = {Institute of Electrical and Electronics Engineers (IEEE)},
  title = {ANNETTE: Accurate Neural Network Execution Time Estimation With Stacked Models},
}

@article{alexnet2012,
  number = {6},
  doi = {10.1145/3065386},
  pages = {84--90},
  source = {Crossref},
  volume = {60},
  author = {Krizhevsky, Alex and Sutskever, Ilya and Hinton, Geoffrey E.},
  date = {2017-05-24},
  url = {https://doi.org/10.1145/3065386},
  issn = {0001-0782,1557-7317},
  journal = {Communications of the ACM},
  publisher = {Association for Computing Machinery (ACM)},
  title = {ImageNet classification with deep convolutional neural networks},
  booktitle = {Advances in Neural Information Processing Systems},
  editor = {Pereira, F. and Burges, C.J. and Bottou, L. and Weinberger, K.Q.},
}