%comment{This file was created with betterbib v5.0.11.}

@inproceedings{abadi2016deep,
  doi = {10.1145/2976749.2978318},
  source = {Crossref},
  author = {Abadi, Martin and Chu, Andy and Goodfellow, Ian and McMahan, H. Brendan and Mironov, Ilya and Talwar, Kunal and Zhang, Li},
  year = {2016},
  month = oct,
  url = {https://doi.org/10.1145/2976749.2978318},
  booktitle = {Proceedings of the 2016 ACM SIGSAC Conference on Computer and Communications Security},
  publisher = {ACM},
  title = {Deep Learning with Differential Privacy},
  address = {New York, NY, USA},
  date-added = {2023-11-22 18:06:03 -0500},
  date-modified = {2023-11-22 18:08:42 -0500},
  keywords = {deep learning, differential privacy},
  pages = {308--318},
  series = {CCS '16},
}

@inproceedings{mcmahan2017communication,
  author = {McMahan, Brendan and Moore, Eider and Ramage, Daniel and Hampson, Seth and y Arcas, Blaise Ag\"uera},
  title = {Communication-Efficient Learning of Deep Networks from Decentralized Data.},
  journal = {AISTATS},
  pages = {1273--1282},
  year = {2017},
  url = {http://proceedings.mlr.press/v54/mcmahan17a.html},
  source = {DBLP},
  booktitle = {Artificial intelligence and statistics},
  organization = {PMLR},
}

@inproceedings{cai2020tinytl,
  author = {Cai, Han and Gan, Chuang and Zhu, Ligeng and 0003, Song Han},
  title = {TinyTL: Reduce Memory, Not Parameters for Efficient On-Device Learning.},
  journal = {NeurIPS},
  year = {2020},
  url = {https://proceedings.neurips.cc/paper/2020/hash/81f7acabd411274fcf65ce2070ed568a-Abstract.html},
  source = {DBLP},
  editor = {Larochelle, Hugo and Ranzato, Marc'Aurelio and Hadsell, Raia and Balcan, Maria-Florina and Lin, Hsuan-Tien},
  bibsource = {dblp computer science bibliography, https://dblp.org},
  biburl = {https://dblp.org/rec/conf/nips/CaiGZ020.bib},
  booktitle = {Advances in Neural Information Processing Systems 33: Annual Conference on Neural Information Processing Systems 2020, NeurIPS 2020, December 6-12, 2020, virtual},
  timestamp = {Tue, 19 Jan 2021 00:00:00 +0100},
}

@article{chen2016training,
  url = {http://arxiv.org/abs/1604.06174v2},
  year = {2016},
  month = apr,
  title = {Training Deep Nets with Sublinear Memory Cost},
  author = {Chen, Tianqi and Xu, Bing and Zhang, Chiyuan and Guestrin, Carlos},
  primaryclass = {cs.LG},
  archiveprefix = {arXiv},
  journal = {ArXiv preprint},
  volume = {abs/1604.06174},
}

@inproceedings{chen2018tvm,
  author = {Chen, Tianqi and Moreau, Thierry and Jiang, Ziheng and Zheng, Lianmin and Yan, Eddie and Shen, Haichen and Cowan, Meghan and Wang, Leyuan and Hu, Yuwei and Ceze, Luis and others},
  booktitle = {13th USENIX Symposium on Operating Systems Design and Implementation (OSDI 18)},
  pages = {578--594},
  title = {TVM: An automated End-to-End optimizing compiler for deep learning},
  year = {2018},
}

@article{chen2023learning,
  number = {1},
  doi = {10.1186/s13636-023-00299-2},
  source = {Crossref},
  volume = {2023},
  author = {Chen, Zhiyong and Xu, Shugong},
  year = {2023},
  month = sep,
  url = {https://doi.org/10.1186/s13636-023-00299-2},
  issn = {1687-4722},
  journal = {EURASIP Journal on Audio, Speech, and Music Processing},
  publisher = {Springer Science and Business Media LLC},
  title = {Learning domain-heterogeneous speaker recognition systems with personalized continual federated learning},
  pages = {33},
}

@article{david2021tensorflow,
  author = {David, Robert and Duke, Jared and Jain, Advait and Janapa Reddi, Vijay and Jeffries, Nat and Li, Jian and Kreeger, Nick and Nappier, Ian and Natraj, Meghna and Wang, Tiezhen and others},
  journal = {Proceedings of Machine Learning and Systems},
  pages = {800--811},
  title = {Tensorflow lite micro: Embedded machine learning for tinyml systems},
  volume = {3},
  year = {2021},
}

@article{desai2016five,
  author = {Desai, Tanvi and Ritchie, Felix and Welpton, Richard and others},
  journal = {Economics Working Paper Series},
  pages = {28},
  title = {Five Safes: Designing data access for research},
  volume = {1601},
  year = {2016},
}

@article{dhar2021survey,
  number = {3},
  doi = {10.1145/3450494},
  pages = {1--49},
  source = {Crossref},
  volume = {2},
  author = {Dhar, Sauptik and Guo, Junyao and Liu, Jiayi (Jason) and Tripathi, Samarth and Kurup, Unmesh and Shah, Mohak},
  subtitle = {An Algorithms and Learning Theory Perspective},
  year = {2021},
  month = jul,
  url = {https://doi.org/10.1145/3450494},
  issn = {2691-1914,2577-6207},
  journal = {ACM Transactions on Internet of Things},
  publisher = {Association for Computing Machinery (ACM)},
  title = {A Survey of On-Device Machine Learning},
}

@article{dwork2014algorithmic,
  number = {3-4},
  doi = {10.1561/0400000042},
  pages = {211--407},
  source = {Crossref},
  volume = {9},
  author = {Dwork, Cynthia and Roth, Aaron},
  year = {2013},
  url = {https://doi.org/10.1561/0400000042},
  issn = {1551-305X,1551-3068},
  journal = {Foundations and TrendsÂ® in Theoretical Computer Science},
  publisher = {Now Publishers},
  title = {The Algorithmic Foundations of Differential Privacy},
}

@article{esteva2017dermatologist,
  number = {7639},
  doi = {10.1038/nature21056},
  pages = {115--118},
  source = {Crossref},
  volume = {542},
  author = {Esteva, Andre and Kuprel, Brett and Novoa, Roberto A. and Ko, Justin and Swetter, Susan M. and Blau, Helen M. and Thrun, Sebastian},
  year = {2017},
  month = jan,
  url = {https://doi.org/10.1038/nature21056},
  issn = {0028-0836,1476-4687},
  journal = {Nature},
  publisher = {Springer Science and Business Media LLC},
  title = {Dermatologist-level classification of skin cancer with deep neural networks},
}

@inproceedings{gruslys2016memory,
  author = {Gruslys, Audrunas and Munos, R\'emi and Danihelka, Ivo and Lanctot, Marc and Graves, Alex},
  editor = {Lee, Daniel D. and Sugiyama, Masashi and von Luxburg, Ulrike and Guyon, Isabelle and Garnett, Roman},
  bibsource = {dblp computer science bibliography, https://dblp.org},
  biburl = {https://dblp.org/rec/conf/nips/GruslysMDLG16.bib},
  booktitle = {Advances in Neural Information Processing Systems 29: Annual Conference on Neural Information Processing Systems 2016, December 5-10, 2016, Barcelona, Spain},
  pages = {4125--4133},
  timestamp = {Thu, 21 Jan 2021 00:00:00 +0100},
  title = {Memory-Efficient Backpropagation Through Time},
  url = {https://proceedings.neurips.cc/paper/2016/hash/a501bebf79d570651ff601788ea9d16d-Abstract.html},
  year = {2016},
}

@inproceedings{hong2023publishing,
  doi = {10.1109/satml54575.2023.00026},
  pages = {271--290},
  source = {Crossref},
  volume = {abs 1603 5279},
  author = {Hong, Sanghyun and Carlini, Nicholas and Kurakin, Alexey},
  year = {2023},
  month = feb,
  url = {https://doi.org/10.1109/satml54575.2023.00026},
  booktitle = {2023 IEEE Conference on Secure and Trustworthy Machine Learning (SaTML)},
  publisher = {IEEE},
  title = {Publishing Efficient On-device Models Increases Adversarial Vulnerability},
  organization = {IEEE},
}

@inproceedings{kairouz2015secure,
  author = {Kairouz, Peter and Oh, Sewoong and Viswanath, Pramod},
  title = {Secure Multi-party Differential Privacy.},
  journal = {NIPS},
  pages = {2008--2016},
  year = {2015},
  url = {https://proceedings.neurips.cc/paper/2015/hash/a01610228fe998f515a72dd730294d87-Abstract.html},
  source = {DBLP},
  editor = {Cortes, Corinna and Lawrence, Neil D. and Lee, Daniel D. and Sugiyama, Masashi and Garnett, Roman},
  bibsource = {dblp computer science bibliography, https://dblp.org},
  biburl = {https://dblp.org/rec/conf/nips/KairouzOV15.bib},
  booktitle = {Advances in Neural Information Processing Systems 28: Annual Conference on Neural Information Processing Systems 2015, December 7-12, 2015, Montreal, Quebec, Canada},
  timestamp = {Thu, 21 Jan 2021 00:00:00 +0100},
}

@article{karargyris2023federated,
  number = {7},
  doi = {10.1038/s42256-023-00652-2},
  pages = {799--810},
  source = {Crossref},
  volume = {5},
  author = {Karargyris, Alexandros and Umeton, Renato and Sheller, Micah J. and Aristizabal, Alejandro and George, Johnu and Wuest, Anna and Pati, Sarthak and Kassem, Hasan and Zenk, Maximilian and Baid, Ujjwal and Narayana Moorthy, Prakash and Chowdhury, Alexander and Guo, Junyi and Nalawade, Sahil and Rosenthal, Jacob and Kanter, David and Xenochristou, Maria and Beutel, Daniel J. and Chung, Verena and Bergquist, Timothy and Eddy, James and Abid, Abubakar and Tunstall, Lewis and Sanseviero, Omar and Dimitriadis, Dimitrios and Qian, Yiming and Xu, Xinxing and Liu, Yong and Goh, Rick Siow Mong and Bala, Srini and Bittorf, Victor and Puchala, Sreekar Reddy and Ricciuti, Biagio and Samineni, Soujanya and Sengupta, Eshna and Chaudhari, Akshay and Coleman, Cody and Desinghu, Bala and Diamos, Gregory and Dutta, Debo and Feddema, Diane and Fursin, Grigori and Huang, Xinyuan and Kashyap, Satyananda and Lane, Nicholas and Mallick, Indranil and  and  and  and Mascagni, Pietro and Mehta, Virendra and Moraes, Cassiano Ferro and Natarajan, Vivek and Nikolov, Nikola and Padoy, Nicolas and Pekhimenko, Gennady and Reddi, Vijay Janapa and Reina, G. Anthony and Ribalta, Pablo and Singh, Abhishek and Thiagarajan, Jayaraman J. and Albrecht, Jacob and Wolf, Thomas and Miller, Geralyn and Fu, Huazhu and Shah, Prashant and Xu, Daguang and Yadav, Poonam and Talby, David and Awad, Mark M. and Howard, Jeremy P. and Rosenthal, Michael and Marchionni, Luigi and Loda, Massimo and Johnson, Jason M. and Bakas, Spyridon and Mattson, Peter},
  year = {2023},
  month = jul,
  url = {https://doi.org/10.1038/s42256-023-00652-2},
  issn = {2522-5839},
  journal = {Nature Machine Intelligence},
  publisher = {Springer Science and Business Media LLC},
  title = {Federated benchmarking of medical artificial intelligence with MedPerf},
}

@article{kwon2023tinytrain,
  url = {http://arxiv.org/abs/2307.09988v2},
  year = {2023},
  month = jul,
  title = {TinyTrain: Resource-Aware Task-Adaptive Sparse Training of DNNs at the Data-Scarce Edge},
  author = {Kwon, Young D. and Li, Rui and Venieris, Stylianos I. and Chauhan, Jagmohan and Lane, Nicholas D. and Mascolo, Cecilia},
  primaryclass = {cs.LG},
  archiveprefix = {arXiv},
  journal = {ArXiv preprint},
  volume = {abs/2307.09988},
}

@inproceedings{li2016lightrnn,
  author = {Li, Xiang and Qin, Tao and Yang, Jian and Liu, Tie-Yan},
  editor = {Lee, Daniel D. and Sugiyama, Masashi and von Luxburg, Ulrike and Guyon, Isabelle and Garnett, Roman},
  bibsource = {dblp computer science bibliography, https://dblp.org},
  biburl = {https://dblp.org/rec/conf/nips/LiQYHL16.bib},
  booktitle = {Advances in Neural Information Processing Systems 29: Annual Conference on Neural Information Processing Systems 2016, December 5-10, 2016, Barcelona, Spain},
  pages = {4385--4393},
  timestamp = {Thu, 21 Jan 2021 00:00:00 +0100},
  title = {LightRNN: Memory and Computation-Efficient Recurrent Neural Networks},
  url = {https://proceedings.neurips.cc/paper/2016/hash/c3e4035af2a1cde9f21e1ae1951ac80b-Abstract.html},
  year = {2016},
}

@inproceedings{lin2020mcunet,
  author = {Lin, Ji and Chen, Wei-Ming and Lin, Yujun and Cohn, John and Gan, Chuang and Han, Song},
  editor = {Larochelle, Hugo and Ranzato, Marc'Aurelio and Hadsell, Raia and Balcan, Maria-Florina and Lin, Hsuan-Tien},
  bibsource = {dblp computer science bibliography, https://dblp.org},
  biburl = {https://dblp.org/rec/conf/nips/LinCLCG020.bib},
  booktitle = {Advances in Neural Information Processing Systems 33: Annual Conference on Neural Information Processing Systems 2020, NeurIPS 2020, December 6-12, 2020, virtual},
  timestamp = {Thu, 11 Feb 2021 00:00:00 +0100},
  title = {MCUNet: Tiny Deep Learning on IoT Devices},
  url = {https://proceedings.neurips.cc/paper/2020/hash/86c51678350f656dcc7f490a43946ee5-Abstract.html},
  year = {2020},
}

@article{lin2022device,
  author = {Lin, Ji and Zhu, Ligeng and Chen, Wei-Ming and Wang, Wei-Chen and Gan, Chuang and Han, Song},
  journal = {Adv. Neur. In.},
  pages = {22941--22954},
  title = {On-device training under 256kb memory},
  volume = {35},
  year = {2022},
}

@article{moshawrab2023reviewing,
  number = {10},
  doi = {10.3390/electronics12102287},
  pages = {2287},
  source = {Crossref},
  volume = {12},
  author = {Moshawrab, Mohammad and Adda, Mehdi and Bouzouane, Abdenour and Ibrahim, Hussein and Raad, Ali},
  year = {2023},
  month = may,
  url = {https://doi.org/10.3390/electronics12102287},
  issn = {2079-9292},
  journal = {Electronics},
  publisher = {MDPI AG},
  title = {Reviewing Federated Learning Aggregation Algorithms; Strategies, Contributions, Limitations and Future Perspectives},
}

@inproceedings{nguyen2023re,
  doi = {10.1109/cvpr52729.2023.01572},
  pages = {16384--16393},
  source = {Crossref},
  author = {Nguyen, Ngoc-Bao and Chandrasegaran, Keshigeyan and Abdollahzadeh, Milad and Cheung, Ngai-Man},
  year = {2023},
  month = jun,
  url = {https://doi.org/10.1109/cvpr52729.2023.01572},
  booktitle = {2023 IEEE/CVF Conference on Computer Vision and Pattern Recognition (CVPR)},
  publisher = {IEEE},
  title = {Re-Thinking Model Inversion Attacks Against Deep Neural Networks},
}

@article{pan2009survey,
  number = {10},
  doi = {10.1109/tkde.2009.191},
  pages = {1345--1359},
  source = {Crossref},
  volume = {22},
  author = {Pan, Sinno Jialin and Yang, Qiang},
  year = {2010},
  month = oct,
  url = {https://doi.org/10.1109/tkde.2009.191},
  issn = {1041-4347},
  journal = {IEEE Transactions on Knowledge and Data Engineering},
  publisher = {Institute of Electrical and Electronics Engineers (IEEE)},
  title = {A Survey on Transfer Learning},
}

@inproceedings{rouhani2017tinydl,
  doi = {10.1109/iscas.2017.8050343},
  pages = {1--4},
  source = {Crossref},
  author = {Darvish Rouhani, Bita and Mirhoseini, Azalia and Koushanfar, Farinaz},
  year = {2017},
  month = may,
  url = {https://doi.org/10.1109/iscas.2017.8050343},
  booktitle = {2017 IEEE International Symposium on Circuits and Systems (ISCAS)},
  publisher = {IEEE},
  title = {TinyDL: Just-in-time deep learning solution for constrained embedded systems},
  bdsk-url-1 = {https://doi.org/10.1109/ISCAS.2017.8050343},
}

@inproceedings{shi2022data,
  doi = {10.1145/3517207.3526980},
  pages = {72--78},
  source = {Crossref},
  author = {Shi, Hongrui and Radu, Valentin},
  year = {2022},
  month = apr,
  url = {https://doi.org/10.1145/3517207.3526980},
  booktitle = {Proceedings of the 2nd European Workshop on Machine Learning and Systems},
  publisher = {ACM},
  title = {Data selection for efficient model update in federated learning},
}

@article{wu2022sustainable,
  author = {Wu, Carole-Jean and Raghavendra, Ramya and Gupta, Udit and Acun, Bilge and Ardalani, Newsha and Maeng, Kiwan and Chang, Gloria and Aga, Fiona and Huang, Jinshi and Bai, Charles and others},
  journal = {Proceedings of Machine Learning and Systems},
  pages = {795--813},
  title = {Sustainable ai: Environmental implications, challenges and opportunities},
  volume = {4},
  year = {2022},
}

@article{xu2023federated,
  url = {http://arxiv.org/abs/2305.18465v2},
  year = {2023},
  month = may,
  title = {Federated Learning of Gboard Language Models with Differential Privacy},
  author = {Xu, Zheng and Zhang, Yanxiang and Andrew, Galen and Choquette-Choo, Christopher A. and Kairouz, Peter and McMahan, H. Brendan and Rosenstock, Jesse and Zhang, Yuanbo},
  primaryclass = {cs.LG},
  archiveprefix = {arXiv},
  journal = {ArXiv preprint},
  volume = {abs/2305.18465},
}

@inproceedings{yang2023online,
  doi = {10.1109/icassp49357.2023.10097124},
  pages = {1--5},
  source = {Crossref},
  author = {Yang, Tien-Ju and Xiao, Yonghui and Motta, Giovanni and Beaufays, Fran\c{c}oise and Mathews, Rajiv and Chen, Mingqing},
  year = {2023},
  month = jun,
  url = {https://doi.org/10.1109/icassp49357.2023.10097124},
  booktitle = {ICASSP 2023 - 2023 IEEE International Conference on Acoustics, Speech and Signal Processing (ICASSP)},
  publisher = {IEEE},
  title = {Online Model Compression for Federated Learning with Large Models},
  organization = {IEEE},
}

@article{zhao2018federated,
  url = {http://arxiv.org/abs/1806.00582v2},
  year = {2018},
  month = jun,
  title = {Federated Learning with Non-IID Data},
  author = {Zhao, Yue and Li, Meng and Lai, Liangzhen and Suda, Naveen and Civin, Damon and Chandra, Vikas},
  primaryclass = {cs.LG},
  archiveprefix = {arXiv},
  journal = {ArXiv preprint},
  volume = {abs/1806.00582},
}

@article{zhuang2021comprehensive,
  number = {1},
  doi = {10.1109/jproc.2020.3004555},
  pages = {43--76},
  source = {Crossref},
  volume = {109},
  author = {Zhuang, Fuzhen and Qi, Zhiyuan and Duan, Keyu and Xi, Dongbo and Zhu, Yongchun and Zhu, Hengshu and Xiong, Hui and He, Qing},
  year = {2021},
  month = jan,
  url = {https://doi.org/10.1109/jproc.2020.3004555},
  issn = {0018-9219,1558-2256},
  journal = {Proceedings of the IEEE},
  publisher = {Institute of Electrical and Electronics Engineers (IEEE)},
  title = {A Comprehensive Survey on Transfer Learning},
  keywords = {Transfer learning;Semisupervised learning;Data models;Covariance matrices;Machine learning;Adaptation models;Domain adaptation;interpretation;machine learning;transfer learning},
}