@article{AIandcom90:online,
  title = {Deep learning},
  author = {LeCun, Yann and Bengio, Yoshua and Hinton, Geoffrey},
  journal = {Nature},
  publisher = {Springer Science and Business Media LLC},
  volume = {521},
  number = {7553},
  pages = {436--444},
  doi = {10.1038/nature14539},
  issn = {0028-0836,1476-4687},
  url = {https://doi.org/10.1038/nature14539},
  note = {[Online; accessed 2025-01-24]},
  source = {Crossref},
  date = {2015-05-27},
  essn = {1476-4687},
}

@misc{AIandeff21:online,
  title = {OpenAI o1 System Card.},
  author = {
    Jaech, Aaron and Kalai, Adam and Lerer, Adam and Richardson, Adam and El-Kishky, Ahmed and Low,
    Aiden and Helyar, Alec and Madry, Aleksander and Beutel, Alex and Carney, Alex and Iftimie,
    Alex and Karpenko, Alex and Passos, Alex Tachard and Neitz, Alexander and Prokofiev, Alexander
    and Wei, Alexander and Tam, Allison and Bennett, Ally and Kumar, Ananya and Saraiva, Andre and
    Vallone, Andrea and Duberstein, Andrew and Kondrich, Andrew and Mishchenko, Andrey and
    Applebaum, Andy and Jiang, Angela and Nair, Ashvin and Zoph, Barret and Ghorbani, Behrooz and
    Rossen, Ben and Sokolowsky, Benjamin and Barak, Boaz and McGrew, Bob and Minaiev, Borys and
    Hao, Botao and Baker, Bowen and Houghton, Brandon and McKinzie, Brandon and Eastman, Brydon and
    Lugaresi, Camillo and Bassin, Cary and Hudson, Cary and Li, Chak Ming and de Bourcy, Charles
    and Voss, Chelsea and Shen, Chen and Zhang, Chong and Koch, Chris and Orsinger, Chris and
    Hesse, Christopher and Fischer, Claudia and Chan, Clive and Roberts, Dan and Kappler, Daniel
    and Levy, Daniel and Selsam, Daniel and Dohan, David and Farhi, David and Mely, David and
    Robinson, David and Tsipras, Dimitris and Li, Doug and Oprica, Dragos and Freeman, Eben and
    Zhang, Eddie and Wong, Edmund and Proehl, Elizabeth and Cheung, Enoch and Mitchell, Eric and
    Wallace, Eric and Ritter, Erik and Mays, Evan and Wang, Fan and Such, Felipe Petroski and Raso,
    Filippo and Leoni, Florencia and Tsimpourlas, Foivos and Song, Francis and von Lohmann, Fred
    and Sulit, Freddie and Salmon, Geoff and Parascandolo, Giambattista and Chabot, Gildas and
    Zhao, Grace and Brockman, Greg and Leclerc, Guillaume and Salman, Hadi and Bao, Haiming and
    Sheng, Hao and Andrin, Hart and Bagherinezhad, Hessam and Ren, Hongyu and Lightman, Hunter and
    Chung, Hyung Won and Kivlichan, Ian and O'Connell, Ian and Osband, Ian and Gilaberte, Ignasi
    Clavera and Akkaya, Ilge
  },
  year = {2024},
  journal = {CoRR},
  volume = {abs/2412.16720},
  doi = {10.48550/ARXIV.2412.16720},
  url = {https://doi.org/10.48550/arXiv.2412.16720},
  note = {[Online; accessed 2025-01-24]},
  source = {DBLP},
}

@article{Amodei_et_al_2018,
  title = {AI and Compute},
  author = {Amodei, Dario and Hernandez, Danny and others},
  year = {2018},
  journal = {OpenAI Blog},
  url = {https://openai.com/research/ai-and-compute},
}

@article{andrae2015global,
  title = {On Global Electricity Usage of Communication Technology: Trends to 2030},
  author = {Andrae, Anders and Edler, Tomas},
  journal = {Challenges},
  publisher = {MDPI AG},
  volume = {6},
  number = {1},
  pages = {117--157},
  doi = {10.3390/challe6010117},
  issn = {2078-1547},
  url = {https://doi.org/10.3390/challe6010117},
  source = {Crossref},
  date = {2015-04-30},
}

@article{banbury2024wakevisiontailoreddataset,
  title = {Wake Vision: A Tailored Dataset and Benchmark Suite for TinyML Computer Vision Applications},
  author = {
    Banbury, Colby and Njor, Emil and Garavagno, Andrea Mattia and Stewart, Matthew and Warden,
    Pete and Kudlur, Manjunath and Jeffries, Nat and Fafoutis, Xenofon and Reddi, Vijay Janapa
  },
  url = {http://arxiv.org/abs/2405.00892v4},
  date = {2024-05-01},
  primaryclass = {cs.CV},
  archiveprefix = {arXiv},
  eprint = {2405.00892},
}

@article{brown2020language,
  title = {Language models are few-shot learners},
  author = {
    Brown, Tom B. and Mann, Benjamin and Ryder, Nick and Subbiah, Melanie and Kaplan, Jared and
    Dhariwal, Prafulla and Neelakantan, Arvind and Shyam, Pranav and Sastry, Girish and Askell,
    Amanda and others
  },
  year = {2020},
  journal = {Advances in neural information processing systems},
  volume = {33},
  pages = {1877--1901},
}

@article{deng2012mnist,
  title = {
    The MNIST Database of Handwritten Digit Images for Machine Learning Research [Best of the Web]
  },
  author = {Li Deng},
  journal = {IEEE Signal Processing Magazine},
  publisher = {Institute of Electrical and Electronics Engineers (IEEE)},
  volume = {29},
  number = {6},
  pages = {141--142},
  doi = {10.1109/msp.2012.2211477},
  issn = {1053-5888},
  url = {https://doi.org/10.1109/msp.2012.2211477},
  source = {Crossref},
  date = {2012-11},
}

@incollection{elsken2019neural,
  title = {Neural Architecture Search},
  author = {Elsken, Thomas and Metzen, Jan Hendrik and Hutter, Frank},
  journal = {Journal of Machine Learning Research},
  booktitle = {Automated Machine Learning},
  publisher = {Springer International Publishing},
  volume = {20},
  number = {55},
  pages = {63--77},
  doi = {10.1007/978-3-030-05318-5\_3},
  isbn = {9783030053178,9783030053185},
  issn = {2520-131X,2520-1328},
  url = {https://doi.org/10.1007/978-3-030-05318-5\_3},
  source = {Crossref},
  date = {2019},
}

@inproceedings{FeiFei2004LearningGV,
  title = {
    Learning Generative Visual Models from Few Training Examples: An Incremental Bayesian Approach
    Tested on 101 Object Categories
  },
  author = {Li Fei-Fei and Fergus, R. and Perona, P.},
  journal = {Computer Vision and Pattern Recognition Workshop},
  booktitle = {2004 Conference on Computer Vision and Pattern Recognition Workshop},
  publisher = {IEEE},
  doi = {10.1109/cvpr.2004.383},
  url = {https://doi.org/10.1109/cvpr.2004.383},
  source = {Crossref},
}

@article{Hernandez_et_al_2020,
  title = {Measuring the Algorithmic Efficiency of Neural Networks},
  author = {Hernandez, Danny and Brown, Tom B. and others},
  year = {2020},
  journal = {OpenAI Blog},
  url = {https://openai.com/research/ai-and-efficiency},
}

@article{hestness2017deep,
  title = {Deep Learning Scaling is Predictable, Empirically},
  author = {
    Hestness, Joel and Narang, Sharan and Ardalani, Newsha and Diamos, Gregory and Jun, Heewoo and
    Kianinejad, Hassan and Patwary, Md. Mostofa Ali and Yang, Yang and Zhou, Yanqi
  },
  journal = {arXiv preprint arXiv:1712.00409},
  url = {http://arxiv.org/abs/1712.00409v1},
  date = {2017-12-01},
  primaryclass = {cs.LG},
  archiveprefix = {arXiv},
}

@article{Hinton_Vinyals_2015,
  title = {Distilling the Knowledge in a Neural Network},
  author = {Hinton, Geoffrey and Vinyals, Oriol and Dean, Jeff},
  journal = {arXiv preprint arXiv:1503.02531},
  url = {http://arxiv.org/abs/1503.02531v1},
  date = {2015-03-09},
  primaryclass = {stat.ML},
  archiveprefix = {arXiv},
}

@article{hoffmann2022training,
  title = {Training Compute-Optimal Large Language Models},
  author = {
    Hoffmann, Jordan and Borgeaud, Sebastian and Mensch, Arthur and Buchatskaya, Elena and Cai,
    Trevor and Rutherford, Eliza and de Las Casas, Diego and Hendricks, Lisa Anne and Welbl,
    Johannes and Clark, Aidan and Hennigan, Tom and Noland, Eric and Millican, Katie and van den
    Driessche, George and Damoc, Bogdan and Guy, Aurelia and Osindero, Simon and Simonyan, Karen
    and Elsen, Erich and Rae, Jack W. and Vinyals, Oriol and Sifre, Laurent
  },
  journal = {arXiv preprint arXiv:2203.15556},
  url = {http://arxiv.org/abs/2203.15556v1},
  date = {2022-03-29},
  primaryclass = {cs.CL},
  archiveprefix = {arXiv},
}

@article{Howard_et_al_2017,
  title = {MobileNets: Efficient Convolutional Neural Networks for Mobile Vision Applications},
  author = {
    Howard, Andrew G. and Zhu, Menglong and Chen, Bo and Kalenichenko, Dmitry and Wang, Weijun and
    Weyand, Tobias and Andreetto, Marco and Adam, Hartwig
  },
  booktitle = {arXiv preprint arXiv:1704.04861},
  url = {http://arxiv.org/abs/1704.04861v1},
  date = {2017-04-17},
  primaryclass = {cs.CV},
  archiveprefix = {arXiv},
}

@book{hutter2019automated,
  title = {Automated Machine Learning},
  author = {Hutter, Frank and Kotthoff, Lars and Vanschoren, Joaquin},
  journal = {Automated Machine Learning},
  publisher = {Springer International Publishing},
  pages = {5--33},
  doi = {10.1007/978-3-030-05318-5},
  isbn = {9783030053178,9783030053185},
  issn = {2520-131X,2520-1328},
  url = {https://doi.org/10.1007/978-3-030-05318-5},
  source = {Crossref},
  subtitle = {Methods, Systems, Challenges},
  date = {2019},
}

@article{Iandola_et_al_2016,
  title = {SqueezeNet: AlexNet-level accuracy with 50x fewer parameters and <0.5MB model size},
  author = {
    Iandola, Forrest N. and Han, Song and Moskewicz, Matthew W. and Ashraf, Khalid and Dally,
    William J. and Keutzer, Kurt
  },
  booktitle = {arXiv preprint arXiv:1602.07360},
  url = {http://arxiv.org/abs/1602.07360v4},
  date = {2016-02-24},
  primaryclass = {cs.CV},
  archiveprefix = {arXiv},
}

@inproceedings{Jacob_et_al_2018,
  title = {Quantization and Training of Neural Networks for Efficient Integer-Arithmetic-Only Inference},
  author = {
    Jacob, Benoit and Kligys, Skirmantas and Chen, Bo and Zhu, Menglong and Tang, Matthew and
    Howard, Andrew and Adam, Hartwig and Kalenichenko, Dmitry
  },
  booktitle = {2018 IEEE/CVF Conference on Computer Vision and Pattern Recognition},
  publisher = {IEEE},
  pages = {2704--2713},
  doi = {10.1109/cvpr.2018.00286},
  url = {https://doi.org/10.1109/cvpr.2018.00286},
  source = {Crossref},
  date = {2018-06},
}

@article{kaplan2020scaling,
  title = {Scaling Laws for Neural Language Models},
  author = {
    Kaplan, Jared and McCandlish, Sam and Henighan, Tom and Brown, Tom B. and Chess, Benjamin and
    Child, Rewon and Gray, Scott and Radford, Alec and Wu, Jeffrey and Amodei, Dario
  },
  journal = {arXiv preprint arXiv:2001.08361},
  url = {http://arxiv.org/abs/2001.08361v1},
  date = {2020-01-23},
  primaryclass = {cs.LG},
  archiveprefix = {arXiv},
}

@article{Krizhevsky_Sutskever_Hinton_2012,
  title = {ImageNet classification with deep convolutional neural networks},
  author = {Krizhevsky, Alex and Sutskever, Ilya and Hinton, Geoffrey E.},
  journal = {Communications of the ACM},
  publisher = {Association for Computing Machinery (ACM)},
  volume = {60},
  number = {6},
  pages = {84--90},
  doi = {10.1145/3065386},
  issn = {0001-0782,1557-7317},
  url = {https://doi.org/10.1145/3065386},
  source = {Crossref},
  date = {2017-05-24},
}

@techreport{Krizhevsky09learningmultiple,
  title = {Learning multiple layers of features from tiny images},
  author = {Krizhevsky, Alex},
  year = {2009},
}

@inproceedings{LeCun_Denker_Solla_1990,
  title = {Optimal Brain Damage.},
  author = {LeCun, Yann and Denker, John S. and Solla, Sara A.},
  year = {1989},
  journal = {NIPS},
  booktitle = {Advances in Neural Information Processing Systems},
  publisher = {Morgan-Kaufmann},
  volume = {2},
  pages = {598--605},
  url = {http://papers.nips.cc/paper/250-optimal-brain-damage},
  source = {DBLP},
}

@incollection{moore2021cramming,
  title = {Cramming More Components onto Integrated Circuits (1965)},
  author = {Moore, Gordon},
  booktitle = {Ideas That Created the Future},
  publisher = {The MIT Press},
  pages = {261--266},
  doi = {10.7551/mitpress/12274.003.0027},
  isbn = {9780262363174},
  url = {https://doi.org/10.7551/mitpress/12274.003.0027},
  source = {Crossref},
  date = {2021-02-02},
}

@misc{oecd_ai_2021,
  title = {Measuring the Geographic Distribution of AI Computing Capacity},
  author = {OECD.AI},
  year = {2021},
  note = {Accessed: 2025-01-25},
  howpublished = {<https://oecd.ai/en/policy-circle/computing-capacity>},
}

@inbook{patel2020introduction,
  title = {Introduction to common crawl datasets},
  author = {Patel, Jay M.},
  journal = {
    Getting structured data from the internet: running web crawlers/scrapers on a big data
    production scale
  },
  booktitle = {Getting Structured Data from the Internet},
  publisher = {Apress},
  pages = {277--324},
  doi = {10.1007/978-1-4842-6576-5\_6},
  isbn = {9781484265758,9781484265765},
  url = {https://doi.org/10.1007/978-1-4842-6576-5\_6},
  source = {Crossref},
  date = {2020},
  chapter = {Introduction to Common Crawl Datasets},
}

@article{Patterson_et_al_2021,
  title = {Carbon Emissions and Large Neural Network Training},
  author = {
    Patterson, David and Gonzalez, Joseph and Le, Quoc and Liang, Chen and Munguia, Lluis-Miquel
    and Rothchild, Daniel and So, David and Texier, Maud and Dean, Jeff
  },
  journal = {arXiv preprint arXiv:2104.10350},
  url = {http://arxiv.org/abs/2104.10350v3},
  date = {2021-04-21},
  primaryclass = {cs.LG},
  archiveprefix = {arXiv},
}

@article{patterson2021carbon,
  title = {Carbon emissions and large neural network optimization},
  author = {Patterson, David A and Hennessy, John L},
  year = {2021},
  journal = {Communications of the ACM},
  volume = {64},
  number = {7},
  pages = {54--61},
}

@article{penedo2024fineweb,
  title = {The FineWeb Datasets: Decanting the Web for the Finest Text Data at Scale},
  author = {
    Penedo, Guilherme and Kydl\'{\i}\v{c}ek, Hynek and allal, Loubna Ben and Lozhkov, Anton and
    Mitchell, Margaret and Raffel, Colin and Werra, Leandro Von and Wolf, Thomas
  },
  journal = {arXiv preprint arXiv:2406.17557},
  url = {http://arxiv.org/abs/2406.17557v2},
  date = {2024-06-25},
  primaryclass = {cs.CL},
  archiveprefix = {arXiv},
}

@article{penedo2024finewebdatasetsdecantingweb,
  title = {The FineWeb Datasets: Decanting the Web for the Finest Text Data at Scale},
  author = {
    Penedo, Guilherme and Kydl\'{\i}\v{c}ek, Hynek and allal, Loubna Ben and Lozhkov, Anton and
    Mitchell, Margaret and Raffel, Colin and Werra, Leandro Von and Wolf, Thomas
  },
  url = {http://arxiv.org/abs/2406.17557v2},
  date = {2024-06-25},
  primaryclass = {cs.CL},
  archiveprefix = {arXiv},
  eprint = {2406.17557},
}

@misc{perrault2024artificial,
  title = {Artificial Intelligence Index Report 2024.},
  author = {
    Maslej, Nestor and Fattorini, Loredana and Perrault, C. Raymond and Parli, Vanessa and Reuel,
    Anka and Brynjolfsson, Erik and Etchemendy, John and Ligett, Katrina and Lyons, Terah and
    Manyika, James and Niebles, Juan Carlos and Shoham, Yoav and Wald, Russell and Clark, Jack
  },
  year = {2024},
  journal = {CoRR},
  volume = {abs/2405.19522},
  doi = {10.48550/ARXIV.2405.19522},
  url = {https://doi.org/10.48550/arXiv.2405.19522},
  source = {DBLP},
}

@book{Settles_2009,
  title = {Active Learning},
  author = {Settles, Burr},
  journal = {Computer Sciences Technical Report},
  publisher = {Springer International Publishing},
  doi = {10.1007/978-3-031-01560-1},
  isbn = {9783031004322,9783031015601},
  issn = {1939-4608,1939-4616},
  url = {https://doi.org/10.1007/978-3-031-01560-1},
  source = {Crossref},
  date = {2012},
  institution = {University of Wisconsin–Madison},
}

@book{settles2009active,
  title = {Active Learning},
  author = {Settles, Burr},
  journal = {University of Wisconsin-Madison Department of Computer Sciences},
  publisher = {Springer International Publishing},
  volume = {1648},
  pages = {1--67},
  doi = {10.1007/978-3-031-01560-1},
  isbn = {9783031004322,9783031015601},
  issn = {1939-4608,1939-4616},
  url = {https://doi.org/10.1007/978-3-031-01560-1},
  source = {Crossref},
  date = {2012},
}

@inproceedings{Sevilla_Heim_Ho_Besiroglu_Hobbhahn_Villalobos_2022,
  title = {Compute Trends Across Three Eras of Machine Learning},
  author = {
    Sevilla, Jaime and Heim, Lennart and Ho, Anson and Besiroglu, Tamay and Hobbhahn, Marius and
    Villalobos, Pablo
  },
  journal = {Epoch AI},
  booktitle = {2022 International Joint Conference on Neural Networks (IJCNN)},
  publisher = {IEEE},
  pages = {1--8},
  doi = {10.1109/ijcnn55064.2022.9891914},
  url = {https://doi.org/10.1109/ijcnn55064.2022.9891914},
  source = {Crossref},
  date = {2022-07-18},
}

@inproceedings{Tan_Le_2019,
  title = {EfficientNet: Rethinking Model Scaling for Convolutional Neural Networks},
  author = {Tan, Mingxing and Le, Quoc V.},
  year = {2019},
  booktitle = {Proceedings of the International Conference on Machine Learning (ICML)},
  pages = {6105--6114},
}

@inproceedings{Villalobos_Ho_Sevilla_Besiroglu_Heim_Hobbhahn_2024,
  title = {Compute Trends Across Three Eras of Machine Learning},
  author = {
    Sevilla, Jaime and Heim, Lennart and Ho, Anson and Besiroglu, Tamay and Hobbhahn, Marius and
    Villalobos, Pablo
  },
  journal = {Epoch AI},
  booktitle = {2022 International Joint Conference on Neural Networks (IJCNN)},
  publisher = {IEEE},
  pages = {1--8},
  doi = {10.1109/ijcnn55064.2022.9891914},
  url = {https://doi.org/10.1109/ijcnn55064.2022.9891914},
  source = {Crossref},
  date = {2022-07-18},
}

@article{wolpert1997no,
  title = {No free lunch theorems for optimization},
  author = {Wolpert, D.H. and Macready, W.G.},
  journal = {IEEE Transactions on Evolutionary Computation},
  publisher = {Institute of Electrical and Electronics Engineers (IEEE)},
  volume = {1},
  number = {1},
  pages = {67--82},
  doi = {10.1109/4235.585893},
  issn = {1089-778X},
  url = {https://doi.org/10.1109/4235.585893},
  source = {Crossref},
  date = {1997-04},
}

@article{yosinski2014transferable,
  title = {How transferable are features in deep neural networks?},
  author = {Yosinski, Jason and Clune, Jeff and Bengio, Yoshua and Lipson, Hod},
  year = {2014},
  journal = {Advances in neural information processing systems},
  volume = {27},
}
