@inproceedings{mazumder2021multilingual,
  title = {Multilingual spoken words corpus},
  author = {Mazumder, Mark and Chitlangia, Sharad and Banbury, Colby and Kang, Yiping and Ciro, Juan Manuel and Achorn, Keith and Galvez, Daniel and Sabini, Mark and Mattson, Peter and Kanter, David and others},
  booktitle = {Thirty-fifth Conference on Neural Information Processing Systems Datasets and Benchmarks Track (Round 2)},
  year = {2021},
}

@article{duarte2022fastmlsciencebenchmarksaccelerating,
  url = {http://arxiv.org/abs/2207.07958v1},
  date = {2022-07-16},
  title = {FastML Science Benchmarks: Accelerating Real-Time Scientific Edge Machine Learning},
  author = {Duarte, Javier and Tran, Nhan and Hawks, Ben and Herwig, Christian and Muhizi, Jules and Prakash, Shvetank and Reddi, Vijay Janapa},
  primaryclass = {cs.LG},
  archiveprefix = {arXiv},
  eprint = {2207.07958},
  archivePrefix = {arXiv},
  primaryClass = {cs.LG},
}

@article{xu2024benchmarking,
  url = {http://arxiv.org/abs/2404.18824v1},
  date = {2024-04-29},
  title = {Benchmarking Benchmark Leakage in Large Language Models},
  author = {Xu, Ruijie and Wang, Zengzhi and Fan, Run-Ze and Liu, Pengfei},
  primaryclass = {cs.CL},
  archiveprefix = {arXiv},
  journal = {arXiv preprint arXiv:2404.18824},
}

@article{wang2018glue,
  url = {http://arxiv.org/abs/1804.07461v3},
  date = {2018-04-20},
  title = {GLUE: A Multi-Task Benchmark and Analysis Platform for Natural Language Understanding},
  author = {Wang, Alex and Singh, Amanpreet and Michael, Julian and Hill, Felix and Levy, Omer and Bowman, Samuel R.},
  primaryclass = {cs.CL},
  archiveprefix = {arXiv},
  journal = {arXiv preprint arXiv:1804.07461},
}

@article{duarte2022fastml,
  url = {http://arxiv.org/abs/2207.07958v1},
  date = {2022-07-16},
  title = {FastML Science Benchmarks: Accelerating Real-Time Scientific Edge Machine Learning},
  author = {Duarte, Javier and Tran, Nhan and Hawks, Ben and Herwig, Christian and Muhizi, Jules and Prakash, Shvetank and Reddi, Vijay Janapa},
  primaryclass = {cs.LG},
  archiveprefix = {arXiv},
  journal = {arXiv preprint arXiv:2207.07958},
}

@article{wang2019superglue,
  url = {http://arxiv.org/abs/1905.00537v3},
  date = {2019-05-02},
  title = {SuperGLUE: A Stickier Benchmark for General-Purpose Language Understanding Systems},
  author = {Wang, Alex and Pruksachatkun, Yada and Nangia, Nikita and Singh, Amanpreet and Michael, Julian and Hill, Felix and Levy, Omer and Bowman, Samuel R.},
  primaryclass = {cs.CL},
  archiveprefix = {arXiv},
  journal = {arXiv preprint arXiv:1905.00537},
}

@article{liang2022helm,
  url = {http://arxiv.org/abs/2211.09110v2},
  date = {2022-11-16},
  title = {Holistic Evaluation of Language Models},
  author = {Liang, Percy and Bommasani, Rishi and Lee, Tony and Tsipras, Dimitris and Soylu, Dilara and Yasunaga, Michihiro and Zhang, Yian and Narayanan, Deepak and Wu, Yuhuai and Kumar, Ananya and Newman, Benjamin and Yuan, Binhang and Yan, Bobby and Zhang, Ce and Cosgrove, Christian and Manning, Christopher D. and Ré, Christopher and Acosta-Navas, Diana and Hudson, Drew A. and Zelikman, Eric and Durmus, Esin and Ladhak, Faisal and Rong, Frieda and Ren, Hongyu and Yao, Huaxiu and Wang, Jue and Santhanam, Keshav and Orr, Laurel and Zheng, Lucia and Yuksekgonul, Mert and Suzgun, Mirac and Kim, Nathan and Guha, Neel and Chatterji, Niladri and Khattab, Omar and Henderson, Peter and Huang, Qian and Chi, Ryan and Xie, Sang Michael and Santurkar, Shibani and Ganguli, Surya and Hashimoto, Tatsunori and Icard, Thomas and Zhang, Tianyi and Chaudhary, Vishrav and Wang, William and Li, Xuechen and Mai, Yifan and Zhang, Yuhui and Koreeda, Yuta},
  primaryclass = {cs.CL},
  archiveprefix = {arXiv},
  journal = {arXiv preprint arXiv:2211.09110},
}

@article{lange2009identifying,
  number = {3},
  doi = {10.1109/mc.2009.84},
  pages = {95--97},
  source = {Crossref},
  volume = {42},
  author = {Lange, Klaus-Dieter},
  date = {2009-03},
  url = {https://doi.org/10.1109/mc.2009.84},
  issn = {0018-9162},
  journal = {Computer},
  publisher = {Institute of Electrical and Electronics Engineers (IEEE)},
  title = {Identifying Shades of Green: The SPECpower Benchmarks},
}

@inproceedings{koizumi2019toyadmos,
  doi = {10.1109/waspaa.2019.8937164},
  source = {Crossref},
  author = {Koizumi, Yuma and Saito, Shoichiro and Uematsu, Hisashi and Harada, Noboru and Imoto, Keisuke},
  date = {2019-10},
  url = {https://doi.org/10.1109/waspaa.2019.8937164},
  booktitle = {2019 IEEE Workshop on Applications of Signal Processing to Audio and Acoustics (WASPAA)},
  publisher = {IEEE},
  title = {ToyADMOS: A Dataset of Miniature-Machine Operating Sounds for Anomalous Sound Detection},
  pages = {313--317},
  organization = {IEEE},
}

@book{barroso2022datacenter,
  doi = {10.1007/978-3-031-01741-4},
  source = {Crossref},
  author = {Barroso, Luiz André and Clidaras, Jimmy and Hölzle, Urs},
  subtitle = {An Introduction to the Design of Warehouse-Scale Machines},
  date = {2013},
  isbn = {9783031017414},
  url = {https://doi.org/10.1007/978-3-031-01741-4},
  issn = {1935-3235,1935-3243},
  publisher = {Springer International Publishing},
  title = {The Datacenter as a Computer},
}

@book{barroso2019datacenter,
  doi = {10.1007/978-3-031-01761-2},
  source = {Crossref},
  author = {Barroso, Luiz André and Hölzle, Urs and Ranganathan, Parthasarathy},
  subtitle = {Designing Warehouse-Scale Machines},
  date = {2019},
  isbn = {9783031006333,9783031017612},
  url = {https://doi.org/10.1007/978-3-031-01761-2},
  issn = {1935-3235,1935-3243},
  publisher = {Springer International Publishing},
  title = {The Datacenter as a Computer},
}

@article{krizhevsky2009learning,
  author = {Krizhevsky, Alex and Hinton, Geoffrey and others},
  title = {Learning multiple layers of features from tiny images},
  year = {2009},
  publisher = {Toronto, ON, Canada},
}

@article{merity2016pointer,
  url = {http://arxiv.org/abs/1609.07843v1},
  date = {2016-09-26},
  title = {Pointer Sentinel Mixture Models},
  author = {Merity, Stephen and Xiong, Caiming and Bradbury, James and Socher, Richard},
  primaryclass = {cs.CL},
  archiveprefix = {arXiv},
  journal = {arXiv preprint arXiv:1609.07843},
}

@article{Hennessy2003,
  author = {Hennessy, John L and Patterson, David A},
  title = {Computer Architecture: A Quantitative Approach},
  year = {2003},
  journal = {Morgan Kaufmann},
}

@inproceedings{buolamwini2018gender,
  author = {Buolamwini, Joy and Gebru, Timnit},
  title = {Gender Shades: Intersectional Accuracy Disparities in Commercial Gender Classification.},
  journal = {FAT},
  pages = {77--91},
  year = {2018},
  url = {http://proceedings.mlr.press/v81/buolamwini18a.html},
  source = {DBLP},
  booktitle = {Conference on fairness, accountability and transparency},
  organization = {PMLR},
}

@article{Barroso2003,
  number = {12},
  doi = {10.1109/mc.2007.443},
  pages = {33--37},
  source = {Crossref},
  volume = {40},
  author = {Barroso, Luiz André and Hölzle, Urs},
  date = {2007-12},
  url = {https://doi.org/10.1109/mc.2007.443},
  issn = {0018-9162},
  journal = {Computer},
  publisher = {Institute of Electrical and Electronics Engineers (IEEE)},
  title = {The Case for Energy-Proportional Computing},
}

@article{ranganathan2024twenty,
  number = {5},
  doi = {10.1109/mm.2024.3409469},
  pages = {11--22},
  source = {Crossref},
  volume = {44},
  author = {Ranganathan, Parthasarathy and Hölzle, Urs},
  date = {2024-09},
  url = {https://doi.org/10.1109/mm.2024.3409469},
  issn = {0272-1732,1937-4143},
  journal = {IEEE Micro},
  publisher = {Institute of Electrical and Electronics Engineers (IEEE)},
  title = {Twenty Five Years of Warehouse-Scale Computing},
}

@inproceedings{chu2021discovering,
  doi = {10.1109/cvprw53098.2021.00337},
  pages = {3016--3025},
  source = {Crossref},
  author = {Chu, Grace and Arikan, Okan and Bender, Gabriel and Wang, Weijun and Brighton, Achille and Kindermans, Pieter-Jan and Liu, Hanxiao and Akin, Berkin and Gupta, Suyog and Howard, Andrew},
  date = {2021-06},
  url = {https://doi.org/10.1109/cvprw53098.2021.00337},
  booktitle = {2021 IEEE/CVF Conference on Computer Vision and Pattern Recognition Workshops (CVPRW)},
  publisher = {IEEE},
  title = {Discovering Multi-Hardware Mobile Models via Architecture Search},
  journal = {Advances in Neural Information Processing Systems},
  volume = {34},
}

@inproceedings{deng2009imagenet,
  doi = {10.1109/cvprw.2009.5206848},
  source = {Crossref},
  author = {Jia Deng and Wei Dong and Socher, R. and Li-Jia Li and Kai Li and Li Fei-Fei},
  date = {2009-06},
  url = {https://doi.org/10.1109/cvprw.2009.5206848},
  booktitle = {2009 IEEE Conference on Computer Vision and Pattern Recognition},
  publisher = {IEEE},
  title = {ImageNet: A large-scale hierarchical image database},
  journal = {2009 IEEE conference on computer vision and pattern recognition},
  pages = {248--255},
  organization = {Ieee},
}

@article{gadre2024datacomp,
  url = {http://arxiv.org/abs/2401.09045v2},
  date = {2024-01-17},
  title = {Eigenphase distributions of unimodular circular ensembles},
  author = {Nishigaki, Shinsuke},
  primaryclass = {math-ph},
  archiveprefix = {arXiv},
  journal = {arXiv preprint arXiv:2401.09045},
  volume = {36},
}

@article{gebru2021datasheets,
  number = {12},
  doi = {10.1145/3458723},
  pages = {86--92},
  source = {Crossref},
  volume = {64},
  author = {Gebru, Timnit and Morgenstern, Jamie and Vecchione, Briana and Vaughan, Jennifer Wortman and Wallach, Hanna and III, Hal Daumé and Crawford, Kate},
  date = {2021-11-19},
  url = {https://doi.org/10.1145/3458723},
  issn = {0001-0782,1557-7317},
  journal = {Communications of the ACM},
  publisher = {Association for Computing Machinery (ACM)},
  title = {Datasheets for datasets},
}

@article{henderson2020towards,
  url = {http://arxiv.org/abs/2002.05651v2},
  date = {2020-01-31},
  title = {Towards the Systematic Reporting of the Energy and Carbon Footprints of Machine Learning},
  author = {Henderson, Peter and Hu, Jieru and Romoff, Joshua and Brunskill, Emma and Jurafsky, Dan and Pineau, Joelle},
  primaryclass = {cs.CY},
  archiveprefix = {arXiv},
  journal = {CoRR},
  volume = {abs/2002.05651},
  number = {248},
  pages = {1--43},
  doi = {10.48550/arxiv.2002.05651},
  source = {DBLP},
  eprint = {2002.05651},
}

@article{hernandez2020measuring,
  url = {http://arxiv.org/abs/2005.04305v1},
  date = {2020-05-08},
  title = {Measuring the Algorithmic Efficiency of Neural Networks},
  author = {Hernandez, Danny and Brown, Tom B.},
  primaryclass = {cs.LG},
  archiveprefix = {arXiv},
  journal = {arXiv preprint arXiv:2007.03051},
  doi = {10.48550/arxiv.2005.04305},
  eprint = {2005.04305},
}

@article{hirschberg2015advances,
  number = {6245},
  doi = {10.1126/science.aaa8685},
  pages = {261--266},
  source = {Crossref},
  volume = {349},
  author = {Hirschberg, Julia and Manning, Christopher D.},
  date = {2015-07-17},
  url = {https://doi.org/10.1126/science.aaa8685},
  issn = {0036-8075,1095-9203},
  journal = {Science},
  publisher = {American Association for the Advancement of Science (AAAS)},
  title = {Advances in natural language processing},
  booktitle = {Science},
  organization = {American Association for the Advancement of Science},
}

@article{hooker2021hardware,
  url = {http://arxiv.org/abs/2103.09731v2},
  date = {2021-03-17},
  title = {On additive spanners in weighted graphs with local error},
  author = {Ahmed, Reyan and Bodwin, Greg and Hamm, Keaton and Kobourov, Stephen and Spence, Richard},
  primaryclass = {cs.DM},
  archiveprefix = {arXiv},
  journal = {arXiv preprint arXiv:2103.09731},
  publisher = {Association for Computing Machinery (ACM)},
  volume = {64},
  number = {12},
  pages = {58--65},
  doi = {10.1145/3467017},
  issn = {0001-0782,1557-7317},
  source = {Crossref},
}

@article{tschand2024mlperf,
  url = {http://arxiv.org/abs/2410.12032v2},
  date = {2024-10-15},
  title = {MLPerf Power: Benchmarking the Energy Efficiency of Machine Learning Systems from Microwatts to Megawatts for Sustainable AI},
  author = {Tschand, Arya and Rajan, Arun Tejusve Raghunath and Idgunji, Sachin and Ghosh, Anirban and Holleman, Jeremy and Kiraly, Csaba and Ambalkar, Pawan and Borkar, Ritika and Chukka, Ramesh and Cockrell, Trevor and Curtis, Oliver and Fursin, Grigori and Hodak, Miro and Kassa, Hiwot and Lokhmotov, Anton and Miskovic, Dejan and Pan, Yuechao and Manmathan, Manu Prasad and Raymond, Liz and John, Tom St. and Suresh, Arjun and Taubitz, Rowan and Zhan, Sean and Wasson, Scott and Kanter, David and Reddi, Vijay Janapa},
  primaryclass = {cs.AR},
  archiveprefix = {arXiv},
  journal = {arXiv preprint arXiv:2410.12032},
}

@inproceedings{janapa2022mlperf,
  author = {Janapa Reddi, Vijay and others},
  title = {MLPerf Mobile v2. 0: An Industry-Standard Benchmark Suite for Mobile Machine Learning},
  year = {2022},
  journal = {Proceedings of Machine Learning and Systems},
  booktitle = {Proceedings of Machine Learning and Systems},
  volume = {4},
  pages = {806--823},
}

@inproceedings{jouppi2017datacenter,
  doi = {10.1145/3079856.3080246},
  source = {Crossref},
  author = {Jouppi, Norman P. and Young, Cliff and Patil, Nishant and Patterson, David and Agrawal, Gaurav and Bajwa, Raminder and Bates, Sarah and Bhatia, Suresh and Boden, Nan and Borchers, Al and Boyle, Rick and Cantin, Pierre-luc and Chao, Clifford and Clark, Chris and Coriell, Jeremy and Daley, Mike and Dau, Matt and Dean, Jeffrey and Gelb, Ben and Ghaemmaghami, Tara Vazir and Gottipati, Rajendra and Gulland, William and Hagmann, Robert and Ho, C. Richard and Hogberg, Doug and Hu, John and Hundt, Robert and Hurt, Dan and Ibarz, Julian and Jaffey, Aaron and Jaworski, Alek and Kaplan, Alexander and Khaitan, Harshit and Killebrew, Daniel and Koch, Andy and Kumar, Naveen and Lacy, Steve and Laudon, James and Law, James and Le, Diemthu and Leary, Chris and Liu, Zhuyuan and Lucke, Kyle and Lundin, Alan and MacKean, Gordon and Maggiore, Adriana and Mahony, Maire and Miller, Kieran and Nagarajan, Rahul and Narayanaswami, Ravi and Ni, Ray and Nix, Kathy and Norrie, Thomas and Omernick, Mark and Penukonda, Narayana and Phelps, Andy and Ross, Jonathan and Ross, Matt and Salek, Amir and Samadiani, Emad and Severn, Chris and Sizikov, Gregory and Snelham, Matthew and Souter, Jed and Steinberg, Dan and Swing, Andy and Tan, Mercedes and Thorson, Gregory and Tian, Bo and Toma, Horia and Tuttle, Erick and Vasudevan, Vijay and Walter, Richard and Wang, Walter and Wilcox, Eric and Yoon, Doe Hyun},
  date = {2017-06-24},
  url = {https://doi.org/10.1145/3079856.3080246},
  booktitle = {Proceedings of the 44th Annual International Symposium on Computer Architecture},
  publisher = {ACM},
  title = {In-Datacenter Performance Analysis of a Tensor Processing Unit},
  journal = {Proceedings of the 44th annual international symposium on computer architecture},
  volume = {45},
  number = {2},
  pages = {1--12},
  issn = {0163-5964},
}

@inproceedings{jouppi2021ten,
  doi = {10.1109/isca52012.2021.00010},
  pages = {1--14},
  source = {Crossref},
  author = {Jouppi, Norman P. and Hyun Yoon, Doe and Ashcraft, Matthew and Gottscho, Mark and Jablin, Thomas B. and Kurian, George and Laudon, James and Li, Sheng and Ma, Peter and Ma, Xiaoyu and Norrie, Thomas and Patil, Nishant and Prasad, Sushma and Young, Cliff and Zhou, Zongwei and Patterson, David},
  date = {2021-06},
  url = {https://doi.org/10.1109/isca52012.2021.00010},
  booktitle = {2021 ACM/IEEE 48th Annual International Symposium on Computer Architecture (ISCA)},
  publisher = {IEEE},
  title = {Ten Lessons From Three Generations Shaped Google’s TPUv4i : Industrial Product},
  journal = {Communications of the ACM},
  volume = {64},
  number = {5},
}

@inproceedings{kiela2021dynabench,
  doi = {10.18653/v1/2021.naacl-main.324},
  source = {Crossref},
  author = {Kiela, Douwe and Bartolo, Max and Nie, Yixin and Kaushik, Divyansh and Geiger, Atticus and Wu, Zhengxuan and Vidgen, Bertie and Prasad, Grusha and Singh, Amanpreet and Ringshia, Pratik and Ma, Zhiyi and Thrush, Tristan and Riedel, Sebastian and Waseem, Zeerak and Stenetorp, Pontus and Jia, Robin and Bansal, Mohit and Potts, Christopher and Williams, Adina},
  date = {2021},
  url = {https://doi.org/10.18653/v1/2021.naacl-main.324},
  booktitle = {Proceedings of the 2021 Conference of the North American Chapter of the Association for Computational Linguistics: Human Language Technologies},
  publisher = {Association for Computational Linguistics},
  title = {Dynabench: Rethinking Benchmarking in NLP},
  journal = {Transactions of the Association for Computational Linguistics},
  address = {Online},
  volume = {9},
  pages = {418--434},
  primaryclass = {cs.CL},
  archiveprefix = {arXiv},
}

@article{lecun1998gradient,
  number = {11},
  doi = {10.1109/5.726791},
  pages = {2278--2324},
  source = {Crossref},
  volume = {86},
  author = {Lecun, Y. and Bottou, L. and Bengio, Y. and Haffner, P.},
  date = {1998},
  url = {https://doi.org/10.1109/5.726791},
  issn = {0018-9219},
  journal = {Proceedings of the IEEE},
  publisher = {Institute of Electrical and Electronics Engineers (IEEE)},
  title = {Gradient-based learning applied to document recognition},
}

@incollection{lin2014microsoft,
  doi = {10.1007/978-3-319-10602-1\_48},
  pages = {740--755},
  source = {Crossref},
  author = {Lin, Tsung-Yi and Maire, Michael and Belongie, Serge and Hays, James and Perona, Pietro and Ramanan, Deva and Dollár, Piotr and Zitnick, C. Lawrence},
  date = {2014},
  isbn = {9783319106014,9783319106021},
  url = {https://doi.org/10.1007/978-3-319-10602-1\_48},
  issn = {0302-9743,1611-3349},
  booktitle = {Computer Vision – ECCV 2014},
  publisher = {Springer International Publishing},
  title = {Microsoft COCO: Common Objects in Context},
  organization = {Springer},
}

@article{northcutt2021pervasive,
  url = {http://arxiv.org/abs/2103.14749v4},
  date = {2021-03-26},
  title = {Pervasive Label Errors in Test Sets Destabilize Machine Learning Benchmarks},
  author = {Northcutt, Curtis G. and Athalye, Anish and Mueller, Jonas},
  primaryclass = {stat.ML},
  archiveprefix = {arXiv},
  journal = {arXiv preprint arXiv:2103.14749},
  volume = {34},
  pages = {19075--19090},
  doi = {10.48550/arxiv.2103.14749},
  eprint = {2103.14749},
}

@inproceedings{papineni2002bleu,
  doi = {10.3115/1073083.1073135},
  pages = {311},
  source = {Crossref},
  author = {Papineni, Kishore and Roukos, Salim and Ward, Todd and Zhu, Wei-Jing},
  subtitle = {a method for automatic evaluation of machine translation},
  date = {2001},
  url = {https://doi.org/10.3115/1073083.1073135},
  booktitle = {Proceedings of the 40th Annual Meeting on Association for Computational Linguistics  - ACL '02},
  publisher = {Association for Computational Linguistics},
  title = {BLEU},
}

@article{patterson2021carbon,
  url = {http://arxiv.org/abs/2104.10350v3},
  date = {2021-04-21},
  title = {Carbon Emissions and Large Neural Network Training},
  author = {Patterson, David and Gonzalez, Joseph and Le, Quoc and Liang, Chen and Munguia, Lluis-Miquel and Rothchild, Daniel and So, David and Texier, Maud and Dean, Jeff},
  primaryclass = {cs.LG},
  archiveprefix = {arXiv},
  journal = {arXiv preprint arXiv:2104.10350},
}

@article{rajpurkar2016squad,
  url = {http://arxiv.org/abs/1606.05250v3},
  date = {2016-06-16},
  title = {SQuAD: 100,000+ Questions for Machine Comprehension of Text},
  author = {Rajpurkar, Pranav and Zhang, Jian and Lopyrev, Konstantin and Liang, Percy},
  primaryclass = {cs.CL},
  archiveprefix = {arXiv},
  journal = {arXiv preprint arXiv:1606.05250},
  booktitle = {Proceedings of the 2016 Conference on Empirical Methods in Natural Language Processing},
  publisher = {Association for Computational Linguistics},
  pages = {2383--2392},
  doi = {10.18653/v1/d16-1264},
  source = {Crossref},
}

@article{reddi2020mlperf,
  url = {http://arxiv.org/abs/1911.02549v2},
  date = {2019-11-06},
  title = {MLPerf Inference Benchmark},
  author = {Reddi, Vijay Janapa and Cheng, Christine and Kanter, David and Mattson, Peter and Schmuelling, Guenther and Wu, Carole-Jean and Anderson, Brian and Breughe, Maximilien and Charlebois, Mark and Chou, William and Chukka, Ramesh and Coleman, Cody and Davis, Sam and Deng, Pan and Diamos, Greg and Duke, Jared and Fick, Dave and Gardner, J. Scott and Hubara, Itay and Idgunji, Sachin and Jablin, Thomas B. and Jiao, Jeff and John, Tom St. and Kanwar, Pankaj and Lee, David and Liao, Jeffery and Lokhmotov, Anton and Massa, Francisco and Meng, Peng and Micikevicius, Paulius and Osborne, Colin and Pekhimenko, Gennady and Rajan, Arun Tejusve Raghunath and Sequeira, Dilip and Sirasao, Ashish and Sun, Fei and Tang, Hanlin and Thomson, Michael and Wei, Frank and Wu, Ephrem and Xu, Lingjie and Yamada, Koichi and Yu, Bing and Yuan, George and Zhong, Aaron and Zhang, Peizhao and Zhou, Yuchen},
  primaryclass = {cs.LG},
  archiveprefix = {arXiv},
  journal = {arXiv preprint arXiv:1911.02549},
  booktitle = {2020 ACM/IEEE 47th Annual International Symposium on Computer Architecture (ISCA)},
  publisher = {IEEE},
  pages = {446--459},
  doi = {10.1109/isca45697.2020.00045},
  organization = {IEEE},
  source = {Crossref},
}

@article{sokolova2009systematic,
  number = {4},
  doi = {10.1016/j.ipm.2009.03.002},
  pages = {427--437},
  source = {Crossref},
  volume = {45},
  author = {Sokolova, Marina and Lapalme, Guy},
  date = {2009-07},
  url = {https://doi.org/10.1016/j.ipm.2009.03.002},
  issn = {0306-4573},
  journal = {Information Processing \&amp; Management},
  publisher = {Elsevier BV},
  title = {A systematic analysis of performance measures for classification tasks},
}

url = {http://arxiv.org/abs/1804.07461v3},
  date = {2018-04-20},
  title = {GLUE: A Multi-Task Benchmark and Analysis Platform for Natural Language Understanding},
  author = {Wang, Alex and Singh, Amanpreet and Michael, Julian and Hill, Felix and Levy, Omer and Bowman, Samuel R.},
  primaryclass = {cs.CL},
  archiveprefix = {arXiv},
  journal = {arXiv preprint arXiv:1804.07461},
}

@article{Weicker1984,
  number = {10},
  doi = {10.1145/358274.358283},
  pages = {1013--1030},
  source = {Crossref},
  volume = {27},
  author = {Weicker, Reinhold P.},
  subtitle = {a synthetic systems programming benchmark},
  date = {1984-10},
  url = {https://doi.org/10.1145/358274.358283},
  issn = {0001-0782,1557-7317},
  journal = {Communications of the ACM},
  publisher = {Association for Computing Machinery (ACM)},
  title = {Dhrystone},
}

@article{mattson2020mlperf,
  number = {2},
  doi = {10.1109/mm.2020.2974843},
  pages = {8--16},
  source = {Crossref},
  volume = {40},
  author = {Mattson, Peter and Reddi, Vijay Janapa and Cheng, Christine and Coleman, Cody and Diamos, Greg and Kanter, David and Micikevicius, Paulius and Patterson, David and Schmuelling, Guenther and Tang, Hanlin and Wei, Gu-Yeon and Wu, Carole-Jean},
  date = {2020-03-01},
  url = {https://doi.org/10.1109/mm.2020.2974843},
  issn = {0272-1732,1937-4143},
  journal = {IEEE Micro},
  publisher = {Institute of Electrical and Electronics Engineers (IEEE)},
  title = {MLPerf: An Industry Standard Benchmark Suite for Machine Learning Performance},
}

@inproceedings{bender2021stochastic,
  doi = {10.1145/3442188.3445922},
  pages = {610--623},
  source = {Crossref},
  author = {Bender, Emily M. and Gebru, Timnit and McMillan-Major, Angelina and Shmitchell, Shmargaret},
  subtitle = {Can Language Models Be Too Big? 🦜},
  date = {2021-03},
  url = {https://doi.org/10.1145/3442188.3445922},
  booktitle = {Proceedings of the 2021 ACM Conference on Fairness, Accountability, and Transparency},
  publisher = {ACM},
  title = {On the Dangers of Stochastic Parrots},
}

@article{brown2020language,
  url = {http://arxiv.org/abs/2005.14165v4},
  date = {2020-05-28},
  title = {Language Models are Few-Shot Learners},
  author = {Brown, Tom B. and Mann, Benjamin and Ryder, Nick and Subbiah, Melanie and Kaplan, Jared and Dhariwal, Prafulla and Neelakantan, Arvind and Shyam, Pranav and Sastry, Girish and Askell, Amanda and Agarwal, Sandhini and Herbert-Voss, Ariel and Krueger, Gretchen and Henighan, Tom and Child, Rewon and Ramesh, Aditya and Ziegler, Daniel M. and Wu, Jeffrey and Winter, Clemens and Hesse, Christopher and Chen, Mark and Sigler, Eric and Litwin, Mateusz and Gray, Scott and Chess, Benjamin and Clark, Jack and Berner, Christopher and McCandlish, Sam and Radford, Alec and Sutskever, Ilya and Amodei, Dario},
  primaryclass = {cs.CL},
  archiveprefix = {arXiv},
  editor = {Larochelle, Hugo and Ranzato, Marc'Aurelio and Hadsell, Raia and Balcan, Maria-Florina and Lin, Hsuan-Tien},
  journal = {Advances in Neural Information Processing Systems},
  booktitle = {Advances in Neural Information Processing Systems 33: Annual Conference on Neural Information Processing Systems 2020, NeurIPS 2020, December 6-12, 2020, virtual},
  volume = {33},
  pages = {1877--1901},
  doi = {10.48550/arxiv.2005.14165},
  bibsource = {dblp computer science bibliography, https://dblp.org},
  biburl = {https://dblp.org/rec/conf/nips/BrownMRSKDNSSAA20.bib},
  eprint = {2005.14165},
  eprinttype = {arxiv},
  timestamp = {Tue, 19 Jan 2021 00:00:00 +0100},
}

@article{beyer2020we,
  url = {http://arxiv.org/abs/2006.07159v1},
  date = {2020-06-12},
  title = {Are we done with ImageNet?},
  author = {Beyer, Lucas and Hénaff, Olivier J. and Kolesnikov, Alexander and Zhai, Xiaohua and van den Oord, Aäron},
  primaryclass = {cs.CV},
  archiveprefix = {arXiv},
  journal = {arXiv preprint arXiv:2006.07159},
}

@article{banbury2021mlperf,
  url = {http://arxiv.org/abs/2106.07597v4},
  date = {2021-06-14},
  title = {MLPerf Tiny Benchmark},
  author = {Banbury, Colby and Reddi, Vijay Janapa and Torelli, Peter and Holleman, Jeremy and Jeffries, Nat and Kiraly, Csaba and Montino, Pietro and Kanter, David and Ahmed, Sebastian and Pau, Danilo and Thakker, Urmish and Torrini, Antonio and Warden, Peter and Cordaro, Jay and Guglielmo, Giuseppe Di and Duarte, Javier and Gibellini, Stephen and Parekh, Videet and Tran, Honson and Tran, Nhan and Wenxu, Niu and Xuesong, Xu},
  primaryclass = {cs.LG},
  archiveprefix = {arXiv},
  journal = {arXiv preprint arXiv:2106.07597},
}

@inproceedings{koh2021wilds,
  author = {Koh, Pang Wei and Sagawa, Shiori and Marklund, Henrik and Xie, Sang Michael and Zhang, Marvin and Balsubramani, Akshay and Hu, Weihua and Yasunaga, Michihiro and Phillips, Richard Lanas and Gao, Irena and Lee, Tony and David, Etienne and Stavness, Ian and 0002, Wei Guo and Earnshaw, Berton and Haque, Imran S. and Beery, Sara M. and Leskovec, Jure and Kundaje, Anshul and Pierson, Emma and Levine, Sergey and Finn, Chelsea and Liang, Percy},
  title = {WILDS: A Benchmark of in-the-Wild Distribution Shifts.},
  journal = {ICML},
  pages = {5637--5664},
  year = {2021},
  url = {http://proceedings.mlr.press/v139/koh21a.html},
  source = {DBLP},
  editor = {Meila, Marina and Zhang, Tong},
  booktitle = {Proceedings of the 38th International Conference on Machine Learning, ICML 2021, 18-24 July 2021, Virtual Event},
  publisher = {PMLR},
  series = {Proceedings of Machine Learning Research},
  volume = {139},
  bibsource = {dblp computer science bibliography, https://dblp.org},
  biburl = {https://dblp.org/rec/conf/icml/KohSMXZBHYPGLDS21.bib},
  timestamp = {Tue, 13 Dec 2022 00:00:00 +0100},
}

@article{everingham2010pascal,
  number = {2},
  doi = {10.1007/s11263-009-0275-4},
  pages = {303--338},
  source = {Crossref},
  volume = {88},
  author = {Everingham, Mark and Van Gool, Luc and Williams, Christopher K. I. and Winn, John and Zisserman, Andrew},
  date = {2009-09-09},
  url = {https://doi.org/10.1007/s11263-009-0275-4},
  issn = {0920-5691,1573-1405},
  journal = {International Journal of Computer Vision},
  publisher = {Springer Science and Business Media LLC},
  title = {The Pascal Visual Object Classes (VOC) Challenge},
}

@article{curnow1976synthetic,
  number = {1},
  doi = {10.1093/comjnl/19.1.43},
  pages = {43--49},
  source = {Crossref},
  volume = {19},
  author = {Curnow, H. J.},
  date = {1976-01-01},
  url = {https://doi.org/10.1093/comjnl/19.1.43},
  issn = {0010-4620,1460-2067},
  journal = {The Computer Journal},
  publisher = {Oxford University Press (OUP)},
  title = {A synthetic benchmark},
}
