%comment{This file was created with betterbib v5.0.11.}


@inproceedings{abadi2016deep,
 author = {Abadi, Martin and Chu, Andy and Goodfellow, Ian and McMahan, H. Brendan and Mironov, Ilya and Talwar, Kunal and Zhang, Li},
 address = {New York, NY, USA},
 booktitle = {Proceedings of the 2016 ACM SIGSAC Conference on Computer and Communications Security},
 date-added = {2023-11-22 18:06:03 -0500},
 date-modified = {2023-11-22 18:08:42 -0500},
 doi = {10.1145/2976749.2978318},
 keywords = {deep learning, differential privacy},
 pages = {308--318},
 publisher = {ACM},
 series = {CCS '16},
 source = {Crossref},
 title = {Deep Learning with Differential Privacy},
 url = {https://doi.org/10.1145/2976749.2978318},
 year = {2016},
 month = oct,
}

@inproceedings{carlini2023extracting,
  title={Extracting training data from diffusion models},
  author={Carlini, Nicolas and Hayes, Jamie and Nasr, Milad and Jagielski, Matthew and Sehwag, Vikash and Tramer, Florian and Balle, Borja and Ippolito, Daphne and Wallace, Eric},
  booktitle={32nd USENIX Security Symposium (USENIX Security 23)},
  pages={5253--5270},
  year={2023}
}

@inproceedings{agarwal2018reductions,
 author = {Agarwal, Alekh and Beygelzimer, Alina and Dud{\'\i}k, Miroslav and Langford, John and Wallach, Hanna M.},
 editor = {Dy, Jennifer G. and Krause, Andreas},
 bibsource = {dblp computer science bibliography, https://dblp.org},
 biburl = {https://dblp.org/rec/conf/icml/AgarwalBD0W18.bib},
 booktitle = {Proceedings of the 35th International Conference on Machine Learning, ICML 2018, Stockholmsm\"assan, Stockholm, Sweden, July 10-15, 2018},
 pages = {60--69},
 publisher = {PMLR},
 series = {Proceedings of Machine Learning Research},
 timestamp = {Wed, 03 Apr 2019 01:00:00 +0200},
 title = {A Reductions Approach to Fair Classification},
 url = {http://proceedings.mlr.press/v80/agarwal18a.html},
 volume = {80},
 year = {2018},
}

@article{alghamdi2022beyond,
 author = {Alghamdi, Wael and Hsu, Hsiang and Jeong, Haewon and Wang, Hao and Michalak, Peter and Asoodeh, Shahab and Calmon, Flavio},
 journal = {Adv. Neur. In.},
 pages = {38747--38760},
 title = {Beyond Adult and {COMPAS:} {Fair} multi-class prediction via information projection},
 volume = {35},
 year = {2022},
}

@article{amodei2016concrete,
 author = {Van Noorden, Richard},
 doi = {10.1038/534602a},
 issn = {0028-0836, 1476-4687},
 journal = {Nature},
 number = {7609},
 pages = {602--602},
 publisher = {Springer Science and Business Media LLC},
 source = {Crossref},
 title = {{ArXiv} preprint server plans multimillion-dollar overhaul},
 url = {https://doi.org/10.1038/534602a},
 volume = {534},
 year = {2016},
 month = jun,
}

@inproceedings{bau2017network,
 author = {Bau, David and Zhou, Bolei and Khosla, Aditya and Oliva, Aude and Torralba, Antonio},
 bibsource = {dblp computer science bibliography, https://dblp.org},
 biburl = {https://dblp.org/rec/conf/cvpr/BauZKO017.bib},
 booktitle = {2017 IEEE Conference on Computer Vision and Pattern Recognition (CVPR)},
 doi = {10.1109/cvpr.2017.354},
 pages = {3319--3327},
 publisher = {IEEE},
 timestamp = {Fri, 25 Dec 2020 00:00:00 +0100},
 title = {Network Dissection: {Quantifying} Interpretability of Deep Visual Representations},
 url = {https://doi.org/10.1109/cvpr.2017.354},
 year = {2017},
 source = {Crossref},
 month = jul,
}

@article{beck1998beyond,
 author = {Beck, Nathaniel and Jackman, Simon},
 doi = {10.2307/2991772},
 issn = {0092-5853},
 journal = {Am. J. Polit. Sci.},
 number = {2},
 pages = {596},
 publisher = {JSTOR},
 source = {Crossref},
 title = {Beyond Linearity by Default: {Generalized} Additive Models},
 url = {https://doi.org/10.2307/2991772},
 volume = {42},
 year = {1998},
 month = apr,
}

@inproceedings{bhagoji2018practical,
 author = {Bhagoji, Arjun Nitin and He, Warren and Li, Bo and Song, Dawn},
 booktitle = {Proceedings of the European conference on computer vision (ECCV)},
 pages = {154--169},
 title = {Practical black-box attacks on deep neural networks using efficient query mechanisms},
 year = {2018},
}

@inproceedings{bourtoule2021machine,
 author = {Bourtoule, Lucas and Chandrasekaran, Varun and Choquette-Choo, Christopher A. and Jia, Hengrui and Travers, Adelin and Zhang, Baiwu and Lie, David and Papernot, Nicolas},
 booktitle = {2021 IEEE Symposium on Security and Privacy (SP)},
 doi = {10.1109/sp40001.2021.00019},
 organization = {IEEE},
 pages = {141--159},
 publisher = {IEEE},
 source = {Crossref},
 title = {Machine Unlearning},
 url = {https://doi.org/10.1109/sp40001.2021.00019},
 year = {2021},
 month = may,
}

@article{bricken2023towards,
 author = {Davarzani, Samaneh and Saucier, David and Talegaonkar, Purva and Parker, Erin and Turner, Alana and Middleton, Carver and Carroll, Will and Ball, John E. and Gurbuz, Ali and Chander, Harish and Burch, Reuben F. and Smith, Brian K. and Knight, Adam and Freeman, Charles},
 doi = {10.1017/wtc.2023.3},
 issn = {2631-7176},
 journal = {Wearable Technologies},
 publisher = {Cambridge University Press (CUP)},
 source = {Crossref},
 title = {Closing the Wearable Gap: {Foot{\textendash}ankle} kinematic modeling via deep learning models based on a smart sock wearable},
 url = {https://doi.org/10.1017/wtc.2023.3},
 volume = {4},
 year = {2023},
}

@inproceedings{buolamwini2018genderShades,
 author = {Buolamwini, Joy and Gebru, Timnit},
 booktitle = {Conference on fairness, accountability and transparency},
 organization = {PMLR},
 pages = {77--91},
 title = {Gender shades: {Intersectional} accuracy disparities in commercial gender classification},
 year = {2018},
}

@article{calvo2020supporting,
 author = {Calvo, Rafael A and Peters, Dorian and Vold, Karina and Ryan, Richard M},
 journal = {Ethics of digital well-being: A multidisciplinary approach},
 pages = {31--54},
 publisher = {Springer},
 title = {Supporting human autonomy in {AI} systems: {A} framework for ethical enquiry},
 year = {2020},
}

@inproceedings{carlini2016hidden,
 author = {Carlini, Nicholas and Mishra, Pratyush and Vaidya, Tavish and Zhang, Yuankai and Sherr, Micah and Shields, Clay and Wagner, David and Zhou, Wenchao},
 booktitle = {25th USENIX security symposium (USENIX security 16)},
 pages = {513--530},
 title = {Hidden voice commands},
 year = {2016},
}

@inproceedings{carlini2023extracting_llm,
 author = {Ippolito, Daphne and Tramer, Florian and Nasr, Milad and Zhang, Chiyuan and Jagielski, Matthew and Lee, Katherine and Choquette Choo, Christopher and Carlini, Nicholas},
 booktitle = {Proceedings of the 16th International Natural Language Generation Conference},
 doi = {10.18653/v1/2023.inlg-main.3},
 pages = {5253--5270},
 publisher = {Association for Computational Linguistics},
 source = {Crossref},
 title = {Preventing Generation of Verbatim Memorization in Language Models Gives a False Sense of Privacy},
 url = {https://doi.org/10.18653/v1/2023.inlg-main.3},
 year = {2023},
}

@inproceedings{chen2019looks,
 author = {Chen, Chaofan and Li, Oscar and Tao, Daniel and Barnett, Alina and Rudin, Cynthia and Su, Jonathan},
 editor = {Wallach, Hanna M. and Larochelle, Hugo and Beygelzimer, Alina and d'Alch\'e-Buc, Florence and Fox, Emily B. and Garnett, Roman},
 bibsource = {dblp computer science bibliography, https://dblp.org},
 biburl = {https://dblp.org/rec/conf/nips/ChenLTBRS19.bib},
 booktitle = {Advances in Neural Information Processing Systems 32: Annual Conference on Neural Information Processing Systems 2019, NeurIPS 2019, December 8-14, 2019, Vancouver, BC, Canada},
 pages = {8928--8939},
 timestamp = {Thu, 21 Jan 2021 00:00:00 +0100},
 title = {This Looks Like That: {Deep} Learning for Interpretable Image Recognition},
 url = {https://proceedings.neurips.cc/paper/2019/hash/adf7ee2dcf142b0e11888e72b43fcb75-Abstract.html},
 year = {2019},
}

@inproceedings{christiano2017deep,
 author = {Christiano, Paul F. and Leike, Jan and Brown, Tom B. and Martic, Miljan and Legg, Shane and Amodei, Dario},
 editor = {Guyon, Isabelle and von Luxburg, Ulrike and Bengio, Samy and Wallach, Hanna M. and Fergus, Rob and Vishwanathan, S. V. N. and Garnett, Roman},
 bibsource = {dblp computer science bibliography, https://dblp.org},
 biburl = {https://dblp.org/rec/conf/nips/ChristianoLBMLA17.bib},
 booktitle = {Advances in Neural Information Processing Systems 30: Annual Conference on Neural Information Processing Systems 2017, December 4-9, 2017, Long Beach, CA, USA},
 pages = {4299--4307},
 timestamp = {Thu, 21 Jan 2021 00:00:00 +0100},
 title = {Deep Reinforcement Learning from Human Preferences},
 url = {https://proceedings.neurips.cc/paper/2017/hash/d5e2c0adad503c91f91df240d0cd4e49-Abstract.html},
 year = {2017},
}

@book{d2023dataFeminism,
 author = {D'ignazio, Catherine and Klein, Lauren F},
 publisher = {MIT press},
 title = {Data feminism},
 year = {2023},
}

@article{friedman1996value,
 author = {Friedman, Batya},
 doi = {10.1145/242485.242493},
 issn = {1072-5520, 1558-3449},
 journal = {Interactions},
 number = {6},
 pages = {16--23},
 publisher = {Association for Computing Machinery (ACM)},
 source = {Crossref},
 title = {Value-sensitive design},
 url = {https://doi.org/10.1145/242485.242493},
 volume = {3},
 year = {1996},
 month = dec,
}

@inproceedings{geiger2021causal,
 author = {Geiger, Atticus and Lu, Hanson and Icard, Thomas and Potts, Christopher},
 editor = {Ranzato, Marc'Aurelio and Beygelzimer, Alina and Dauphin, Yann N. and Liang, Percy and Vaughan, Jennifer Wortman},
 bibsource = {dblp computer science bibliography, https://dblp.org},
 biburl = {https://dblp.org/rec/conf/nips/GeigerLIP21.bib},
 booktitle = {Advances in Neural Information Processing Systems 34: Annual Conference on Neural Information Processing Systems 2021, NeurIPS 2021, December 6-14, 2021, virtual},
 pages = {9574--9586},
 timestamp = {Tue, 03 May 2022 01:00:00 +0200},
 title = {Causal Abstractions of Neural Networks},
 url = {https://proceedings.neurips.cc/paper/2021/hash/4f5c422f4d49a5a807eda27434231040-Abstract.html},
 year = {2021},
}

@article{gupta2016monotonic,
 author = {Gupta, Maya and Cotter, Andrew and Pfeifer, Jan and Voevodski, Konstantin and Canini, Kevin and Mangylov, Alexander and Moczydlowski, Wojciech and Van Esbroeck, Alexander},
 journal = {The Journal of Machine Learning Research},
 number = {1},
 pages = {3790--3836},
 publisher = {JMLR. org},
 title = {Monotonic calibrated interpolated look-up tables},
 volume = {17},
 year = {2016},
}

@article{handlin1965science,
 author = {Handlin, Oscar},
 journal = {Daedalus-us.},
 pages = {156--170},
 publisher = {JSTOR},
 title = {Science and technology in popular culture},
 year = {1965},
}

@inproceedings{hardt2016equality,
 author = {Hardt, Moritz and Price, Eric and Srebro, Nati},
 editor = {Lee, Daniel D. and Sugiyama, Masashi and von Luxburg, Ulrike and Guyon, Isabelle and Garnett, Roman},
 bibsource = {dblp computer science bibliography, https://dblp.org},
 biburl = {https://dblp.org/rec/conf/nips/HardtPNS16.bib},
 booktitle = {Advances in Neural Information Processing Systems 29: Annual Conference on Neural Information Processing Systems 2016, December 5-10, 2016, Barcelona, Spain},
 pages = {3315--3323},
 timestamp = {Thu, 21 Jan 2021 00:00:00 +0100},
 title = {Equality of Opportunity in Supervised Learning},
 url = {https://proceedings.neurips.cc/paper/2016/hash/9d2682367c3935defcb1f9e247a97c0d-Abstract.html},
 year = {2016},
}

@inproceedings{hebert2018multicalibration,
 author = {H\'ebert-Johnson, \'Ursula and Kim, Michael P. and Reingold, Omer and Rothblum, Guy N.},
 editor = {Dy, Jennifer G. and Krause, Andreas},
 bibsource = {dblp computer science bibliography, https://dblp.org},
 biburl = {https://dblp.org/rec/conf/icml/Hebert-JohnsonK18.bib},
 booktitle = {Proceedings of the 35th International Conference on Machine Learning, ICML 2018, Stockholmsm\"assan, Stockholm, Sweden, July 10-15, 2018},
 pages = {1944--1953},
 publisher = {PMLR},
 series = {Proceedings of Machine Learning Research},
 timestamp = {Wed, 03 Apr 2019 01:00:00 +0200},
 title = {Multicalibration: {Calibration} for the {(Computationally}-Identifiable) Masses},
 url = {http://proceedings.mlr.press/v80/hebert-johnson18a.html},
 volume = {80},
 year = {2018},
}

@article{himmelstein2022examination,
 author = {Himmelstein, Gracie and Bates, David and Zhou, Li},
 doi = {10.1001/jamanetworkopen.2021.44967},
 issn = {2574-3805},
 journal = {JAMA Network Open},
 number = {1},
 pages = {e2144967},
 publisher = {American Medical Association (AMA)},
 source = {Crossref},
 title = {Examination of Stigmatizing Language in the Electronic Health Record},
 url = {https://doi.org/10.1001/jamanetworkopen.2021.44967},
 volume = {5},
 year = {2022},
 month = jan,
}

@inproceedings{kaur2020interpreting,
 author = {Kaur, Harmanpreet and Nori, Harsha and Jenkins, Samuel and Caruana, Rich and Wallach, Hanna and Wortman Vaughan, Jennifer},
 editor = {Bernhaupt, Regina and Mueller, Florian 'Floyd' and Verweij, David and Andres, Josh and McGrenere, Joanna and Cockburn, Andy and Avellino, Ignacio and Goguey, Alix and Bj{\o}n, Pernille and Zhao, Shengdong and Samson, Briane Paul and Kocielnik, Rafal},
 bibsource = {dblp computer science bibliography, https://dblp.org},
 biburl = {https://dblp.org/rec/conf/chi/KaurNJCWV20.bib},
 booktitle = {Proceedings of the 2020 CHI Conference on Human Factors in Computing Systems},
 doi = {10.1145/3313831.3376219},
 pages = {1--14},
 publisher = {ACM},
 timestamp = {Tue, 12 May 2020 01:00:00 +0200},
 title = {Interpreting Interpretability: {Understanding} Data Scientists' Use of Interpretability Tools for Machine Learning},
 url = {https://doi.org/10.1145/3313831.3376219},
 year = {2020},
 source = {Crossref},
 month = apr,
}

@inproceedings{kim2018interpretability,
 author = {Cai, Carrie J. and Reif, Emily and Hegde, Narayan and Hipp, Jason and Kim, Been and Smilkov, Daniel and Wattenberg, Martin and Viegas, Fernanda and Corrado, Greg S. and Stumpe, Martin C. and Terry, Michael},
 editor = {Dy, Jennifer G. and Krause, Andreas},
 bibsource = {dblp computer science bibliography, https://dblp.org},
 biburl = {https://dblp.org/rec/conf/icml/KimWGCWVS18.bib},
 booktitle = {Proceedings of the 2019 CHI Conference on Human Factors in Computing Systems},
 pages = {2673--2682},
 publisher = {ACM},
 series = {Proceedings of Machine Learning Research},
 timestamp = {Wed, 03 Apr 2019 01:00:00 +0200},
 title = {Human-Centered Tools for Coping with Imperfect Algorithms During Medical Decision-Making},
 url = {https://doi.org/10.1145/3290605.3300234},
 volume = {80},
 year = {2019},
 doi = {10.1145/3290605.3300234},
 source = {Crossref},
 month = may,
}

@inproceedings{koh2020concept,
 author = {Koh, Pang Wei and Nguyen, Thao and Tang, Yew Siang and Mussmann, Stephen and Pierson, Emma and Kim, Been and Liang, Percy},
 bibsource = {dblp computer science bibliography, https://dblp.org},
 biburl = {https://dblp.org/rec/conf/icml/KohNTMPKL20.bib},
 booktitle = {Proceedings of the 37th International Conference on Machine Learning, ICML 2020, 13-18 July 2020, Virtual Event},
 pages = {5338--5348},
 publisher = {PMLR},
 series = {Proceedings of Machine Learning Research},
 timestamp = {Tue, 15 Dec 2020 00:00:00 +0100},
 title = {Concept Bottleneck Models},
 url = {http://proceedings.mlr.press/v119/koh20a.html},
 volume = {119},
 year = {2020},
}

@inproceedings{lakkaraju2020fool,
 author = {Lakkaraju, Himabindu and Bastani, Osbert},
 booktitle = {Proceedings of the AAAI/ACM Conference on AI, Ethics, and Society},
 doi = {10.1145/3375627.3375833},
 pages = {79--85},
 publisher = {ACM},
 source = {Crossref},
 subtitle = {Manipulating User Trust via Misleading Black Box Explanations},
 title = {{{\textquotedblright}How} do I fool you?{\textquotedblright}},
 url = {https://doi.org/10.1145/3375627.3375833},
 year = {2020},
 month = feb,
}

@book{lindgren2023handbook,
 author = {Lindgren, Simon},
 publisher = {Edward Elgar Publishing},
 title = {Handbook of Critical Studies of Artificial Intelligence},
 year = {2023},
}

@inproceedings{lou2013accurate,
 author = {Lou, Yin and Caruana, Rich and Gehrke, Johannes and Hooker, Giles},
 editor = {Dhillon, Inderjit S. and Koren, Yehuda and Ghani, Rayid and Senator, Ted E. and Bradley, Paul and Parekh, Rajesh and He, Jingrui and Grossman, Robert L. and Uthurusamy, Ramasamy},
 bibsource = {dblp computer science bibliography, https://dblp.org},
 biburl = {https://dblp.org/rec/conf/kdd/LouCGH13.bib},
 booktitle = {Proceedings of the 19th ACM SIGKDD international conference on Knowledge discovery and data mining},
 doi = {10.1145/2487575.2487579},
 pages = {623--631},
 publisher = {ACM},
 timestamp = {Fri, 25 Dec 2020 00:00:00 +0100},
 title = {Accurate intelligible models with pairwise interactions},
 url = {https://doi.org/10.1145/2487575.2487579},
 year = {2013},
 source = {Crossref},
 month = aug,
}

@article{lowy2021fermi,
 author = {Lowy, Andrew and Pavan, Rakesh and Baharlouei, Sina and Razaviyayn, Meisam and Beirami, Ahmad},
 title = {Fermi: {Fair} empirical risk minimization via exponential R\'enyi mutual information},
 year = {2021},
}

@inproceedings{lundberg2017unified,
 author = {Lundberg, Scott M. and Lee, Su-In},
 editor = {Guyon, Isabelle and von Luxburg, Ulrike and Bengio, Samy and Wallach, Hanna M. and Fergus, Rob and Vishwanathan, S. V. N. and Garnett, Roman},
 bibsource = {dblp computer science bibliography, https://dblp.org},
 biburl = {https://dblp.org/rec/conf/nips/LundbergL17.bib},
 booktitle = {Advances in Neural Information Processing Systems 30: Annual Conference on Neural Information Processing Systems 2017, December 4-9, 2017, Long Beach, CA, USA},
 pages = {4765--4774},
 timestamp = {Thu, 21 Jan 2021 00:00:00 +0100},
 title = {A Unified Approach to Interpreting Model Predictions},
 url = {https://proceedings.neurips.cc/paper/2017/hash/8a20a8621978632d76c43dfd28b67767-Abstract.html},
 year = {2017},
}

@article{martin1993myth,
 author = {Martin, C. Dianne},
 doi = {10.1145/255950.153587},
 issn = {0001-0782, 1557-7317},
 journal = {Commun. ACM},
 number = {4},
 pages = {120--133},
 publisher = {Association for Computing Machinery (ACM)},
 source = {Crossref},
 title = {The myth of the awesome thinking machine},
 url = {https://doi.org/10.1145/255950.153587},
 volume = {36},
 year = {1993},
 month = apr,
}

@incollection{mccarthy1981epistemological,
 author = {McCarthy, John},
 booktitle = {Readings in Artificial Intelligence},
 doi = {10.1016/b978-0-934613-03-3.50035-0},
 pages = {459--465},
 publisher = {Elsevier},
 source = {Crossref},
 title = {Epistemological Problems Of Artificial Intelligence},
 url = {https://doi.org/10.1016/b978-0-934613-03-3.50035-0},
 year = {1981},
 isbn = {9780934613033},
}

@article{ng2021ai,
 author = {Ng, Davy Tsz Kit and Leung, Jac Ka Lok and Chu, Kai Wah Samuel and Qiao, Maggie Shen},
 journal = {Proceedings of the Association for Information Science and Technology},
 number = {1},
 pages = {504--509},
 publisher = {Wiley Online Library},
 title = {{AI} literacy: {Definition,} teaching, evaluation and ethical issues},
 volume = {58},
 year = {2021},
}

@article{ngo2022alignment,
 author = {Ngo, Richard and Chan, Lawrence and Mindermann, S\"oren},
 journal = {ArXiv preprint},
 title = {The alignment problem from a deep learning perspective},
 url = {https://arxiv.org/abs/2209.00626},
 volume = {abs/2209.00626},
 year = {2022},
}

@article{obermeyer2019dissecting,
 author = {Obermeyer, Ziad and Powers, Brian and Vogeli, Christine and Mullainathan, Sendhil},
 doi = {10.1126/science.aax2342},
 issn = {0036-8075, 1095-9203},
 journal = {Science},
 number = {6464},
 pages = {447--453},
 publisher = {American Association for the Advancement of Science (AAAS)},
 source = {Crossref},
 title = {Dissecting racial bias in an algorithm used to manage the health of populations},
 url = {https://doi.org/10.1126/science.aax2342},
 volume = {366},
 year = {2019},
 month = oct,
}

@article{olah2020zoom,
 author = {Olah, Chris and Cammarata, Nick and Schubert, Ludwig and Goh, Gabriel and Petrov, Michael and Carter, Shan},
 doi = {10.23915/distill.00024.001},
 issn = {2476-0757},
 journal = {Distill},
 number = {3},
 pages = {e00024--001},
 publisher = {Distill Working Group},
 source = {Crossref},
 title = {Zoom In: {An} Introduction to Circuits},
 url = {https://doi.org/10.23915/distill.00024.001},
 volume = {5},
 year = {2020},
 month = mar,
}

@article{peters2018designing,
 author = {Peters, Dorian and Calvo, Rafael A. and Ryan, Richard M.},
 doi = {10.3389/fpsyg.2018.00797},
 issn = {1664-1078},
 journal = {Front. Psychol.},
 pages = {797},
 publisher = {Frontiers Media SA},
 source = {Crossref},
 title = {Designing for Motivation, Engagement and Wellbeing in Digital Experience},
 url = {https://doi.org/10.3389/fpsyg.2018.00797},
 volume = {9},
 year = {2018},
 month = may,
}

@inproceedings{ramaswamy2023overlooked,
 author = {Ramaswamy, Vikram V. and Kim, Sunnie S. Y. and Fong, Ruth and Russakovsky, Olga},
 booktitle = {2023 IEEE/CVF Conference on Computer Vision and Pattern Recognition (CVPR)},
 doi = {10.1109/cvpr52729.2023.01052},
 pages = {10932--10941},
 publisher = {IEEE},
 source = {Crossref},
 title = {Overlooked Factors in Concept-Based Explanations: {Dataset} Choice, Concept Learnability, and Human Capability},
 url = {https://doi.org/10.1109/cvpr52729.2023.01052},
 year = {2023},
 month = jun,
}

@article{ramaswamy2023ufo,
 author = {Ramaswamy, Vikram V and Kim, Sunnie SY and Fong, Ruth and Russakovsky, Olga},
 journal = {ArXiv preprint},
 title = {{UFO:} {A} unified method for controlling Understandability and Faithfulness Objectives in concept-based explanations for {CNNs}},
 url = {https://arxiv.org/abs/2303.15632},
 volume = {abs/2303.15632},
 year = {2023},
}

@inproceedings{ribeiro2016should,
 author = {Ribeiro, Marco Tulio and Singh, Sameer and Guestrin, Carlos},
 booktitle = {Proceedings of the 22nd ACM SIGKDD international conference on knowledge discovery and data mining},
 pages = {1135--1144},
 title = {{\textquotedblright} Why should i trust you?{\textquotedblright} Explaining the predictions of any classifier},
 year = {2016},
}

@article{rudin2019stop,
 author = {Rudin, Cynthia},
 doi = {10.1038/s42256-019-0048-x},
 issn = {2522-5839},
 journal = {Nature Machine Intelligence},
 number = {5},
 pages = {206--215},
 publisher = {Springer Science and Business Media LLC},
 source = {Crossref},
 title = {Stop explaining black box machine learning models for high stakes decisions and use interpretable models instead},
 url = {https://doi.org/10.1038/s42256-019-0048-x},
 volume = {1},
 year = {2019},
 month = may,
}

@article{russell2021human,
 author = {Russell, Stuart},
 journal = {Human-like machine intelligence},
 pages = {3--23},
 publisher = {Oxford University Press Oxford},
 title = {Human-compatible artificial intelligence},
 year = {2021},
}

@article{ryan2000self,
 author = {Ryan, Richard M. and Deci, Edward L.},
 doi = {10.1037/0003-066x.55.1.68},
 issn = {1935-990X, 0003-066X},
 journal = {Am. Psychol.},
 number = {1},
 pages = {68--78},
 publisher = {American Psychological Association (APA)},
 source = {Crossref},
 title = {Self-determination theory and the facilitation of intrinsic motivation, social development, and well-being.},
 url = {https://doi.org/10.1037/0003-066x.55.1.68},
 volume = {55},
 year = {2000},
}

@article{schafer2023notorious,
 author = {Sch\"afer, Mike S.},
 doi = {10.22323/2.22020402},
 issn = {1824-2049},
 journal = {Journal of Science Communication},
 number = {02},
 pages = {Y02},
 publisher = {Sissa Medialab Srl},
 source = {Crossref},
 title = {The Notorious {GPT:} {Science} communication in the age of artificial intelligence},
 url = {https://doi.org/10.22323/2.22020402},
 volume = {22},
 year = {2023},
 month = may,
}

@article{schneiderman2020,
 author = {Shneiderman, Ben},
 year = {2020},
 month = oct,
 pages = {1--31},
 title = {Bridging the Gap Between Ethics and Practice},
 volume = {10},
 journal = {ACM Trans. Interact. Intell. Syst.},
 doi = {10.1145/3419764},
 number = {4},
 source = {Crossref},
 url = {https://doi.org/10.1145/3419764},
 publisher = {Association for Computing Machinery (ACM)},
 subtitle = {Guidelines for Reliable, Safe, and Trustworthy Human-centered AI Systems},
 issn = {2160-6455, 2160-6463},
}

@inproceedings{selvaraju2017grad,
 author = {Selvaraju, Ramprasaath R. and Cogswell, Michael and Das, Abhishek and Vedantam, Ramakrishna and Parikh, Devi and Batra, Dhruv},
 bibsource = {dblp computer science bibliography, https://dblp.org},
 biburl = {https://dblp.org/rec/conf/iccv/SelvarajuCDVPB17.bib},
 booktitle = {2017 IEEE International Conference on Computer Vision (ICCV)},
 doi = {10.1109/iccv.2017.74},
 pages = {618--626},
 publisher = {IEEE},
 timestamp = {Fri, 25 Dec 2020 00:00:00 +0100},
 title = {Grad-{CAM:} {Visual} Explanations from Deep Networks via Gradient-Based Localization},
 url = {https://doi.org/10.1109/iccv.2017.74},
 year = {2017},
 source = {Crossref},
 month = oct,
}

@article{shalev2017formal,
 author = {Shalev-Shwartz, Shai and Shammah, Shaked and Shashua, Amnon},
 journal = {ArXiv preprint},
 title = {On a formal model of safe and scalable self-driving cars},
 url = {https://arxiv.org/abs/1708.06374},
 volume = {abs/1708.06374},
 year = {2017},
}

@book{shneiderman2022human,
 author = {Shneiderman, Ben},
 publisher = {Oxford University Press},
 title = {Human-centered {AI}},
 year = {2022},
}

@inproceedings{shokri2017membership,
 author = {Shokri, Reza and Stronati, Marco and Song, Congzheng and Shmatikov, Vitaly},
 booktitle = {2017 IEEE Symposium on Security and Privacy (SP)},
 doi = {10.1109/sp.2017.41},
 organization = {IEEE},
 pages = {3--18},
 publisher = {IEEE},
 source = {Crossref},
 title = {Membership Inference Attacks Against Machine Learning Models},
 url = {https://doi.org/10.1109/sp.2017.41},
 year = {2017},
 month = may,
}

@article{smilkov2017smoothgrad,
 author = {Smilkov, Daniel and Thorat, Nikhil and Kim, Been and Vi\'egas, Fernanda and Wattenberg, Martin},
 journal = {ArXiv preprint},
 title = {Smoothgrad: {Removing} noise by adding noise},
 url = {https://arxiv.org/abs/1706.03825},
 volume = {abs/1706.03825},
 year = {2017},
}

@inproceedings{szegedy2013intriguing,
 author = {Szegedy, Christian and Zaremba, Wojciech and Sutskever, Ilya and Bruna, Joan and Erhan, Dumitru and Goodfellow, Ian J. and Fergus, Rob},
 editor = {Bengio, Yoshua and LeCun, Yann},
 bibsource = {dblp computer science bibliography, https://dblp.org},
 biburl = {https://dblp.org/rec/journals/corr/SzegedyZSBEGF13.bib},
 booktitle = {2nd International Conference on Learning Representations, ICLR 2014, Banff, AB, Canada, April 14-16, 2014, Conference Track Proceedings},
 timestamp = {Thu, 25 Jul 2019 01:00:00 +0200},
 title = {Intriguing properties of neural networks},
 url = {http://arxiv.org/abs/1312.6199},
 year = {2014},
}

@inproceedings{tramer2019adversarial,
 author = {Tram\`er, Florian and Dupr\'e, Pascal and Rusak, Gili and Pellegrino, Giancarlo and Boneh, Dan},
 booktitle = {Proceedings of the 2019 ACM SIGSAC Conference on Computer and Communications Security},
 doi = {10.1145/3319535.3354222},
 pages = {2005--2021},
 publisher = {ACM},
 source = {Crossref},
 subtitle = {Perceptual Ad Blocking meets Adversarial Machine Learning},
 title = {{AdVersarial}},
 url = {https://doi.org/10.1145/3319535.3354222},
 year = {2019},
 month = nov,
}

@article{wachter2017counterfactual,
 author = {Wachter, Sandra and Mittelstadt, Brent and Russell, Chris},
 doi = {10.2139/ssrn.3063289},
 issn = {1556-5068},
 journal = {SSRN Electronic Journal},
 pages = {841},
 publisher = {Elsevier BV},
 source = {Crossref},
 title = {Counterfactual Explanations Without Opening the Black Box: {Automated} Decisions and the {GDPR}},
 url = {https://doi.org/10.2139/ssrn.3063289},
 volume = {31},
 year = {2017},
}

@article{wang2022interpretability,
 author = {Wang, LingFeng and Zhan, YaQing},
 doi = {10.1002/leap.1229},
 issn = {0953-1513, 1741-4857},
 journal = {Learn. Publ.},
 number = {3},
 pages = {213--219},
 publisher = {Wiley},
 source = {Crossref},
 title = {A conceptual peer review model for {arXiv} and other preprint databases},
 url = {https://doi.org/10.1002/leap.1229},
 volume = {32},
 year = {2019},
 month = feb,
}

@article{wiener1960some,
 author = {Wiener, Norbert},
 doi = {10.1126/science.131.3410.1355},
 issn = {0036-8075, 1095-9203},
 journal = {Science},
 number = {3410},
 pages = {1355--1358},
 publisher = {American Association for the Advancement of Science (AAAS)},
 source = {Crossref},
 subtitle = {As machines learn they may develop unforeseen strategies at rates that baffle their programmers.},
 title = {Some Moral and Technical Consequences of Automation},
 url = {https://doi.org/10.1126/science.131.3410.1355},
 volume = {131},
 year = {1960},
 month = may,
}

@inproceedings{zhou2018interpretable,
 author = {Zhou, Bolei and Sun, Yiyou and Bau, David and Torralba, Antonio},
 booktitle = {Proceedings of the European Conference on Computer Vision (ECCV)},
 pages = {119--134},
 title = {Interpretable basis decomposition for visual explanation},
 year = {2018},
}
