@article{weiser1991computer,
  title={The Computer for the 21 st Century},
  author={Weiser, Mark},
  journal={Scientific american},
  volume={265},
  number={3},
  pages={94--105},
  year={1991},
  publisher={JSTOR}
}
