% Placeholder bibliography file for Emerging Trends chapter
% This file will contain references to research papers, industry reports,
% and other sources related to emerging trends in ML systems
@article{placeholder2024,
  title = {Placeholder Reference for Emerging Trends},
  author = {Author, Sample},
  year = {2024},
  journal = {Future ML Systems},
  note = {This is a placeholder reference},
}
