%comment{This file was created with betterbib v5.0.11.}


@misc{armcomfuture,
 author = {ARM.com},
 howpublished = {https://www.arm.com/company/news/2023/02/arm-announces-q3-fy22-results},
 note = {(Accessed on 09/16/2023)},
 title = {The future is being built on Arm: {Market} diversification continues to drive strong royalty and licensing growth as ecosystem reaches quarter of a trillion chips milestone {\textendash} Arm{\textregistered}},
}

@article{lin2023tiny,
  title={Tiny Machine Learning: Progress and Futures [Feature]},
  author={Lin, Ji and Zhu, Ligeng and Chen, Wei-Ming and Wang, Wei-Chen and Han, Song},
  journal={IEEE Circuits and Systems Magazine},
  volume={23},
  number={3},
  pages={8--34},
  year={2023},
  publisher={IEEE}
}