@article{al2016theano,
  url = {http://arxiv.org/abs/1605.02688v1},
  date = {2016-05-09},
  title = {Theano: A Python framework for fast computation of mathematical expressions},
  author = {Team, The Theano Development and Al-Rfou, Rami and Alain, Guillaume and Almahairi, Amjad and Angermueller, Christof and Bahdanau, Dzmitry and Ballas, Nicolas and Bastien, Frédéric and Bayer, Justin and Belikov, Anatoly and Belopolsky, Alexander and Bengio, Yoshua and Bergeron, Arnaud and Bergstra, James and Bisson, Valentin and Snyder, Josh Bleecher and Bouchard, Nicolas and Boulanger-Lewandowski, Nicolas and Bouthillier, Xavier and de Brébisson, Alexandre and Breuleux, Olivier and Carrier, Pierre-Luc and Cho, Kyunghyun and Chorowski, Jan and Christiano, Paul and Cooijmans, Tim and Côté, Marc-Alexandre and Côté, Myriam and Courville, Aaron and Dauphin, Yann N. and Delalleau, Olivier and Demouth, Julien and Desjardins, Guillaume and Dieleman, Sander and Dinh, Laurent and Ducoffe, Mélanie and Dumoulin, Vincent and Kahou, Samira Ebrahimi and Erhan, Dumitru and Fan, Ziye and Firat, Orhan and Germain, Mathieu and Glorot, Xavier and Goodfellow, Ian and Graham, Matt and Gulcehre, Caglar and Hamel, Philippe and Harlouchet, Iban and Heng, Jean-Philippe and Hidasi, Balázs and Honari, Sina and Jain, Arjun and Jean, Sébastien and Jia, Kai and Korobov, Mikhail and Kulkarni, Vivek and Lamb, Alex and Lamblin, Pascal and Larsen, Eric and Laurent, César and Lee, Sean and Lefrancois, Simon and Lemieux, Simon and Léonard, Nicholas and Lin, Zhouhan and Livezey, Jesse A. and Lorenz, Cory and Lowin, Jeremiah and Ma, Qianli and Manzagol, Pierre-Antoine and Mastropietro, Olivier and McGibbon, Robert T. and Memisevic, Roland and van Merriënboer, Bart and Michalski, Vincent and Mirza, Mehdi and Orlandi, Alberto and Pal, Christopher and Pascanu, Razvan and Pezeshki, Mohammad and Raffel, Colin and Renshaw, Daniel and Rocklin, Matthew and Romero, Adriana and Roth, Markus and Sadowski, Peter and Salvatier, John and Savard, François and Schlüter, Jan and Schulman, John and Schwartz, Gabriel and Serban, Iulian Vlad and Serdyuk, Dmitriy and Shabanian, Samira and Simon, Étienne and Spieckermann, Sigurd and Subramanyam, S. Ramana and Sygnowski, Jakub and Tanguay, Jérémie and van Tulder, Gijs and Turian, Joseph and Urban, Sebastian and Vincent, Pascal and Visin, Francesco and de Vries, Harm and Warde-Farley, David and Webb, Dustin J. and Willson, Matthew and Xu, Kelvin and Xue, Lijun and Yao, Li and Zhang, Saizheng and Zhang, Ying},
  primaryclass = {cs.SC},
  archiveprefix = {arXiv},
  eprint = {1605.02688},
}

@article{Baydin_2018,
  author = {Baydin, Atilim Gunes and Pearlmutter, Barak A. and Radul, Alexey Andreyevich and Siskind, Jeffrey Mark},
  title = {Automatic Differentiation in Machine Learning: a Survey.},
  journal = {J. Mach. Learn. Res.},
  volume = {18},
  pages = {153:1-153:43},
  year = {2017},
  url = {https://jmlr.org/papers/v18/17-468.html},
  source = {DBLP},
}

@inproceedings{Abadi_2016,
  author = {Abadi, Martín and Barham, Paul and Chen, Jianmin and Chen, Zhifeng and Davis, Andy and Dean, Jeffrey and Devin, Matthieu and Ghemawat, Sanjay and Irving, Geoffrey and Isard, Michael and others},
  title = {TensorFlow: A System for Large-Scale Machine Learning},
  booktitle = {12th USENIX Symposium on Operating Systems Design and Implementation (OSDI 16)},
  pages = {265--283},
  year = {2016},
  publisher = {USENIX Association},
  url = {https://www.usenix.org/conference/osdi16/technical-sessions/presentation/abadi},
}

@article{chollet2018keras,
  author = {Chollet, François},
  journal = {March 9th},
  title = {Introduction to keras},
  year = {2018},
}

@article{david2021tensorflow,
  author = {David, Robert and Duke, Jared and Jain, Advait and Janapa Reddi, Vijay and Jeffries, Nat and Li, Jian and Kreeger, Nick and Nappier, Ian and Natraj, Meghna and Wang, Tiezhen and others},
  journal = {Proceedings of Machine Learning and Systems},
  pages = {800--811},
  title = {Tensorflow lite micro: Embedded machine learning for tinyml systems},
  volume = {3},
  year = {2021},
}

@inproceedings{dean2012large,
  author = {Dean, Jeffrey and Corrado, Greg and Monga, Rajat and 0010, Kai Chen and Devin, Matthieu and Le, Quoc V. and Mao, Mark Z. and Ranzato, Marc'Aurelio and Senior, Andrew W. and Tucker, Paul A. and Yang, Ke and Ng, Andrew Y.},
  title = {Large Scale Distributed Deep Networks.},
  journal = {NIPS},
  pages = {1232--1240},
  year = {2012},
  url = {https://proceedings.neurips.cc/paper/2012/hash/6aca97005c68f1206823815f66102863-Abstract.html},
  source = {DBLP},
  editor = {Bartlett, Peter L. and Pereira, Fernando C. N. and Burges, Christopher J. C. and Bottou, Léon and Weinberger, Kilian Q.},
  bibsource = {dblp computer science bibliography, https://dblp.org},
  biburl = {https://dblp.org/rec/conf/nips/DeanCMCDLMRSTYN12.bib},
  booktitle = {Advances in Neural Information Processing Systems 25: 26th Annual Conference on Neural Information Processing Systems 2012. Proceedings of a meeting held December 3-6, 2012, Lake Tahoe, Nevada, United States},
  timestamp = {Thu, 21 Jan 2021 00:00:00 +0100},
}

@inproceedings{jia2014caffe,
  doi = {10.1145/2647868.2654889},
  source = {Crossref},
  author = {Jia, Yangqing and Shelhamer, Evan and Donahue, Jeff and Karayev, Sergey and Long, Jonathan and Girshick, Ross and Guadarrama, Sergio and Darrell, Trevor},
  subtitle = {Convolutional Architecture for Fast Feature Embedding},
  date = {2014-11-03},
  url = {https://doi.org/10.1145/2647868.2654889},
  booktitle = {Proceedings of the 22nd ACM international conference on Multimedia},
  publisher = {ACM},
  title = {Caffe},
  pages = {675--678},
}

@inproceedings{kung1979systolic,
  author = {Kung, Hsiang Tsung and Leiserson, Charles E},
  booktitle = {Sparse Matrix Proceedings 1978},
  organization = {Society for industrial and applied mathematics Philadelphia, PA, USA},
  pages = {256--282},
  title = {Systolic arrays (for VLSI)},
  volume = {1},
  year = {1979},
}

@article{lai2018cmsis,
  url = {http://arxiv.org/abs/1801.06601v1},
  date = {2018-01-19},
  title = {CMSIS-NN: Efficient Neural Network Kernels for Arm Cortex-M CPUs},
  author = {Lai, Liangzhen and Suda, Naveen and Chandra, Vikas},
  primaryclass = {cs.NE},
  archiveprefix = {arXiv},
  journal = {ArXiv preprint},
  volume = {abs/1801.06601},
}

@inproceedings{li2014communication,
  author = {0003, Mu Li and Andersen, David G. and Smola, Alexander J. and Yu, Kai},
  title = {Communication Efficient Distributed Machine Learning with the Parameter Server.},
  journal = {NIPS},
  pages = {19--27},
  year = {2014},
  url = {https://proceedings.neurips.cc/paper/2014/hash/1ff1de774005f8da13f42943881c655f-Abstract.html},
  source = {DBLP},
  editor = {Ghahramani, Zoubin and Welling, Max and Cortes, Corinna and Lawrence, Neil D. and Weinberger, Kilian Q.},
  bibsource = {dblp computer science bibliography, https://dblp.org},
  biburl = {https://dblp.org/rec/conf/nips/LiASY14.bib},
  booktitle = {Advances in Neural Information Processing Systems 27: Annual Conference on Neural Information Processing Systems 2014, December 8-13 2014, Montreal, Quebec, Canada},
  timestamp = {Thu, 21 Jan 2021 00:00:00 +0100},
}

@article{witten2002data,
  number = {1},
  doi = {10.1145/507338.507355},
  pages = {76--77},
  source = {Crossref},
  volume = {31},
  author = {Witten, Ian H. and Frank, Eibe},
  subtitle = {practical machine learning tools and techniques with Java implementations},
  date = {2002-03},
  url = {https://doi.org/10.1145/507338.507355},
  issn = {0163-5808},
  journal = {ACM SIGMOD Record},
  publisher = {Association for Computing Machinery (ACM)},
  title = {Data mining},
}

@software{jax2018github,
  author = {Bradbury, James and Frostig, Roy and Hawkins, Peter and Johnson, Matthew James and Leary, Chris and Maclaurin, Dougal and Necula, George and Paszke, Adam and VanderPlas, Jake and Wanderman-Milne, Skye and Zhang, Qiao},
  title = {JAX: composable transformations of Python+NumPy programs},
  url = {http://github.com/google/jax},
  version = {0.2.5},
  year = {2018},
}

@article{howard2020fastai,
  number = {2},
  doi = {10.3390/info11020108},
  pages = {108},
  source = {Crossref},
  volume = {11},
  author = {Howard, Jeremy and Gugger, Sylvain},
  date = {2020-02-16},
  url = {https://doi.org/10.3390/info11020108},
  issn = {2078-2489},
  journal = {Information},
  publisher = {MDPI AG},
  title = {Fastai: A Layered API for Deep Learning},
}

@inproceedings{bergstra2010theano,
  doi = {10.25080/majora-92bf1922-003},
  pages = {18--24},
  source = {Crossref},
  author = {Bergstra, James and Breuleux, Olivier and Bastien, Frédéric and Lamblin, Pascal and Pascanu, Razvan and Desjardins, Guillaume and Turian, Joseph and Warde-Farley, David and Bengio, Yoshua},
  date = {2010},
  url = {https://doi.org/10.25080/majora-92bf1922-003},
  issn = {2575-9752},
  booktitle = {Proceedings of the 9th Python in Science Conference},
  publisher = {SciPy},
  title = {Theano: A CPU and GPU Math Compiler in Python},
  journal = {Proceedings of the Python in Science Conference},
  volume = {4},
  number = {1},
}

@article{chollet2015keras,
  author = {Chollet, François and others},
  title = {Keras},
  journal = {GitHub repository},
  publisher = {GitHub},
  url = {https://github.com/fchollet/keras},
  year = {2015},
}

@inproceedings{mcmahan2023communicationefficient,
  author = {McMahan, Brendan and Moore, Eider and Ramage, Daniel and Hampson, Seth and y Arcas, Blaise Agüera},
  title = {Communication-Efficient Learning of Deep Networks from Decentralized Data.},
  journal = {AISTATS},
  pages = {1273--1282},
  year = {2017},
  url = {http://proceedings.mlr.press/v54/mcmahan17a.html},
  source = {DBLP},
  editor = {Singh, Aarti and Zhu, Xiaojin (Jerry)},
  bibsource = {dblp computer science bibliography, https://dblp.org},
  biburl = {https://dblp.org/rec/conf/aistats/McMahanMRHA17.bib},
  booktitle = {Proceedings of the 20th International Conference on Artificial Intelligence and Statistics, AISTATS 2017, 20-22 April 2017, Fort Lauderdale, FL, USA},
  publisher = {PMLR},
  series = {Proceedings of Machine Learning Research},
  timestamp = {Wed, 03 Apr 2019 01:00:00 +0200},
  volume = {54},
}

@inproceedings{paszke2019pytorch,
  doi = {10.1145/3620665.3640366},
  pages = {929--947},
  source = {Crossref},
  author = {Ansel, Jason and Yang, Edward and He, Horace and Gimelshein, Natalia and Jain, Animesh and Voznesensky, Michael and Bao, Bin and Bell, Peter and Berard, David and Burovski, Evgeni and Chauhan, Geeta and Chourdia, Anjali and Constable, Will and Desmaison, Alban and DeVito, Zachary and Ellison, Elias and Feng, Will and Gong, Jiong and Gschwind, Michael and Hirsh, Brian and Huang, Sherlock and Kalambarkar, Kshiteej and Kirsch, Laurent and Lazos, Michael and Lezcano, Mario and Liang, Yanbo and Liang, Jason and Lu, Yinghai and Luk, C. K. and Maher, Bert and Pan, Yunjie and Puhrsch, Christian and Reso, Matthias and Saroufim, Mark and Siraichi, Marcos Yukio and Suk, Helen and Zhang, Shunting and Suo, Michael and Tillet, Phil and Zhao, Xu and Wang, Eikan and Zhou, Keren and Zou, Richard and Wang, Xiaodong and Mathews, Ajit and Wen, William and Chanan, Gregory and Wu, Peng and Chintala, Soumith},
  date = {2024-04-27},
  url = {https://doi.org/10.1145/3620665.3640366},
  booktitle = {Proceedings of the 29th ACM International Conference on Architectural Support for Programming Languages and Operating Systems, Volume 2},
  publisher = {ACM},
  title = {PyTorch 2: Faster Machine Learning Through Dynamic Python Bytecode Transformation and Graph Compilation},
  editor = {Wallach, Hanna M. and Larochelle, Hugo and Beygelzimer, Alina and d'Alché-Buc, Florence and Fox, Emily B. and Garnett, Roman},
  bibsource = {dblp computer science bibliography, https://dblp.org},
  biburl = {https://dblp.org/rec/conf/nips/PaszkeGMLBCKLGA19.bib},
  timestamp = {Thu, 21 Jan 2021 00:00:00 +0100},
}

@inproceedings{seide2016cntk,
  doi = {10.1145/2939672.2945397},
  source = {Crossref},
  author = {Seide, Frank and Agarwal, Amit},
  subtitle = {Microsoft's Open-Source Deep-Learning Toolkit},
  date = {2016-08-13},
  url = {https://doi.org/10.1145/2939672.2945397},
  booktitle = {Proceedings of the 22nd ACM SIGKDD International Conference on Knowledge Discovery and Data Mining},
  publisher = {ACM},
  title = {CNTK},
  pages = {2135--2135},
}

@article{baydin2018,
  author = {Baydin, Atilim Gunes and Pearlmutter, Barak A. and Radul, Alexey Andreyevich and Siskind, Jeffrey Mark},
  title = {Automatic Differentiation in Machine Learning: a Survey.},
  journal = {J. Mach. Learn. Res.},
  volume = {18},
  pages = {153:1-153:43},
  year = {2017},
  url = {https://jmlr.org/papers/v18/17-468.html},
  source = {DBLP},
  number = {153},
}

@inproceedings{paszke2019,
  author = {Paszke, Adam and Gross, Sam and Massa, Francisco and Lerer, Adam and Bradbury, James and Chanan, Gregory and Killeen, Trevor and Lin, Zeming and Gimelshein, Natalia and Antiga, Luca and others},
  title = {PyTorch: An imperative style, high-performance deep learning library},
  booktitle = {Advances in Neural Information Processing Systems},
  pages = {8026--8037},
  year = {2019},
}