%comment{This file was created with betterbib v5.0.11.}

