@inproceedings{abadi2016deep,
  doi = {10.1145/2976749.2978318},
  source = {Crossref},
  author = {Abadi, Martin and Chu, Andy and Goodfellow, Ian and McMahan, H. Brendan and Mironov, Ilya and Talwar, Kunal and Zhang, Li},
  year = {2016},
  month = oct,
  url = {https://doi.org/10.1145/2976749.2978318},
  booktitle = {Proceedings of the 2016 ACM SIGSAC Conference on Computer and Communications Security},
  publisher = {ACM},
  title = {Deep Learning with Differential Privacy},
  address = {New York, NY, USA},
  series = {CCS '16},
  pages = {308--318},
  date-added = {2023-11-22 18:06:03 -0500},
  date-modified = {2023-11-22 18:08:42 -0500},
  keywords = {deep learning, differential privacy},
}

@incollection{bhagoji2018practical,
  doi = {10.1007/978-3-030-01258-8\_10},
  pages = {158--174},
  source = {Crossref},
  author = {Bhagoji, Arjun Nitin and He, Warren and Li, Bo and Song, Dawn},
  year = {2018},
  isbn = {9783030012571,9783030012588},
  url = {https://doi.org/10.1007/978-3-030-01258-8\_10},
  issn = {0302-9743,1611-3349},
  booktitle = {Computer Vision -- ECCV 2018},
  publisher = {Springer International Publishing},
  title = {Practical Black-Box Attacks on Deep Neural Networks Using Efficient Query Mechanisms},
}

@inproceedings{bourtoule2021machine,
  doi = {10.1109/sp40001.2021.00019},
  pages = {141--159},
  source = {Crossref},
  author = {Bourtoule, Lucas and Chandrasekaran, Varun and Choquette-Choo, Christopher A. and Jia, Hengrui and Travers, Adelin and Zhang, Baiwu and Lie, David and Papernot, Nicolas},
  year = {2021},
  month = may,
  url = {https://doi.org/10.1109/sp40001.2021.00019},
  booktitle = {2021 IEEE Symposium on Security and Privacy (SP)},
  publisher = {IEEE},
  title = {Machine Unlearning},
  organization = {IEEE},
}

@incollection{calvo2020supporting,
  doi = {10.1007/978-3-030-50585-1\_2},
  pages = {31--54},
  source = {Crossref},
  author = {Calvo, Rafael A. and Peters, Dorian and Vold, Karina and Ryan, Richard M.},
  year = {2020},
  isbn = {9783030505844,9783030505851},
  url = {https://doi.org/10.1007/978-3-030-50585-1\_2},
  issn = {0921-8599,2542-8349},
  booktitle = {Ethics of Digital Well-Being},
  publisher = {Springer International Publishing},
  title = {Supporting Human Autonomy in AI Systems: A Framework for Ethical Enquiry},
  journal = {Ethics of digital well-being: A multidisciplinary approach},
}

@inproceedings{carlini2016hidden,
  author = {Carlini, Nicholas and Mishra, Pratyush and Vaidya, Tavish and 0001, Yuankai Zhang and Sherr, Micah and Shields, Clay and 0001, David A. Wagner and Zhou, Wenchao},
  title = {Hidden Voice Commands.},
  journal = {USENIX Security Symposium},
  pages = {513--530},
  year = {2016},
  url = {https://www.usenix.org/conference/usenixsecurity16/technical-sessions/presentation/carlini},
  source = {DBLP},
  booktitle = {25th USENIX security symposium (USENIX security 16)},
}

@inproceedings{carlini2023extractingllm,
  doi = {10.18653/v1/2023.inlg-main.3},
  pages = {28--53},
  source = {Crossref},
  author = {Ippolito, Daphne and Tramer, Florian and Nasr, Milad and Zhang, Chiyuan and Jagielski, Matthew and Lee, Katherine and Choquette Choo, Christopher and Carlini, Nicholas},
  year = {2023},
  url = {https://doi.org/10.18653/v1/2023.inlg-main.3},
  booktitle = {Proceedings of the 16th International Natural Language Generation Conference},
  publisher = {Association for Computational Linguistics},
  title = {Preventing Generation of Verbatim Memorization in Language Models Gives a False Sense of Privacy},
}

@inproceedings{chen2019looks,
  author = {Chen, Chaofan and Li, Oscar and Tao, Daniel and Barnett, Alina and Rudin, Cynthia and Su, Jonathan},
  title = {This Looks Like That: Deep Learning for Interpretable Image Recognition.},
  journal = {NeurIPS},
  pages = {8928--8939},
  year = {2019},
  url = {https://proceedings.neurips.cc/paper/2019/hash/adf7ee2dcf142b0e11888e72b43fcb75-Abstract.html},
  source = {DBLP},
  booktitle = {
    Advances in Neural Information Processing Systems 32: Annual Conference on Neural Information
    Processing Systems 2019, NeurIPS 2019, December 8-14, 2019, Vancouver, BC, Canada
  },
  editor = {
    Wallach, Hanna M. and Larochelle, Hugo and Beygelzimer, Alina and d'Alch\'e-Buc, Florence and
    Fox, Emily B. and Garnett, Roman
  },
  bibsource = {dblp computer science bibliography, https://dblp.org},
  biburl = {https://dblp.org/rec/conf/nips/ChenLTBRS19.bib},
  timestamp = {Thu, 21 Jan 2021 00:00:00 +0100},
}

@inproceedings{christiano2017deep,
  title = {Deep Reinforcement Learning from Human Preferences},
  author = {Christiano, Paul F. and Leike, Jan and Brown, Tom B. and Martic, Miljan and Legg, Shane and Amodei, Dario},
  year = {2017},
  booktitle = {
    Advances in Neural Information Processing Systems 30: Annual Conference on Neural Information
    Processing Systems 2017, December 4-9, 2017, Long Beach, CA, USA
  },
  pages = {4299--4307},
  url = {https://proceedings.neurips.cc/paper/2017/hash/d5e2c0adad503c91f91df240d0cd4e49-Abstract.html},
  editor = {
    Guyon, Isabelle and von Luxburg, Ulrike and Bengio, Samy and Wallach, Hanna M. and Fergus, Rob
    and Vishwanathan, S. V. N. and Garnett, Roman
  },
  bibsource = {dblp computer science bibliography, https://dblp.org},
  biburl = {https://dblp.org/rec/conf/nips/ChristianoLBMLA17.bib},
  timestamp = {Thu, 21 Jan 2021 00:00:00 +0100},
}

@article{friedman1996value,
  number = {6},
  doi = {10.1145/242485.242493},
  pages = {16--23},
  source = {Crossref},
  volume = {3},
  author = {Friedman, Batya},
  year = {1996},
  month = dec,
  url = {https://doi.org/10.1145/242485.242493},
  issn = {1072-5520,1558-3449},
  journal = {Interactions},
  publisher = {Association for Computing Machinery (ACM)},
  title = {Value-sensitive design},
}

@inproceedings{geiger2021causal,
  title = {Causal Abstractions of Neural Networks},
  author = {Geiger, Atticus and Lu, Hanson and Icard, Thomas and Potts, Christopher},
  year = {2021},
  booktitle = {
    Advances in Neural Information Processing Systems 34: Annual Conference on Neural Information
    Processing Systems 2021, NeurIPS 2021, December 6-14, 2021, virtual
  },
  pages = {9574--9586},
  url = {https://proceedings.neurips.cc/paper/2021/hash/4f5c422f4d49a5a807eda27434231040-Abstract.html},
  editor = {
    Ranzato, Marc'Aurelio and Beygelzimer, Alina and Dauphin, Yann N. and Liang, Percy and Vaughan,
    Jennifer Wortman
  },
  bibsource = {dblp computer science bibliography, https://dblp.org},
  biburl = {https://dblp.org/rec/conf/nips/GeigerLIP21.bib},
  timestamp = {Tue, 03 May 2022 01:00:00 +0200},
}

@article{handlin1965science,
  title = {Science and technology in popular culture},
  author = {Handlin, Oscar},
  year = {1965},
  journal = {Daedalus-us.},
  publisher = {JSTOR},
  pages = {156--170},
}

@inproceedings{hebert2018multicalibration,
  author = {H\'ebert-Johnson, \'Ursula and Kim, Michael P. and Reingold, Omer and Rothblum, Guy N.},
  title = {Multicalibration: Calibration for the (Computationally-Identifiable) Masses.},
  journal = {ICML},
  pages = {1944--1953},
  year = {2018},
  url = {http://proceedings.mlr.press/v80/hebert-johnson18a.html},
  source = {DBLP},
  booktitle = {
    Proceedings of the 35th International Conference on Machine Learning, ICML 2018,
    Stockholmsm\"assan, Stockholm, Sweden, July 10-15, 2018
  },
  publisher = {PMLR},
  series = {Proceedings of Machine Learning Research},
  volume = {80},
  editor = {Dy, Jennifer G. and Krause, Andreas},
  bibsource = {dblp computer science bibliography, https://dblp.org},
  biburl = {https://dblp.org/rec/conf/icml/Hebert-JohnsonK18.bib},
  timestamp = {Wed, 03 Apr 2019 01:00:00 +0200},
}

@article{himmelstein2022examination,
  number = {1},
  doi = {10.1001/jamanetworkopen.2021.44967},
  pages = {e2144967},
  source = {Crossref},
  volume = {5},
  author = {Himmelstein, Gracie and Bates, David and Zhou, Li},
  year = {2022},
  month = jan,
  url = {https://doi.org/10.1001/jamanetworkopen.2021.44967},
  issn = {2574-3805},
  journal = {JAMA Network Open},
  publisher = {American Medical Association (AMA)},
  title = {Examination of Stigmatizing Language in the Electronic Health Record},
}

@inproceedings{kim2018interpretability,
  doi = {10.1145/3290605.3300234},
  pages = {1--14},
  source = {Crossref},
  author = {Cai, Carrie J. and Reif, Emily and Hegde, Narayan and Hipp, Jason and Kim, Been and Smilkov, Daniel and Wattenberg, Martin and Viegas, Fernanda and Corrado, Greg S. and Stumpe, Martin C. and Terry, Michael},
  year = {2019},
  month = may,
  url = {https://doi.org/10.1145/3290605.3300234},
  booktitle = {Proceedings of the 2019 CHI Conference on Human Factors in Computing Systems},
  publisher = {ACM},
  title = {Human-Centered Tools for Coping with Imperfect Algorithms During Medical Decision-Making},
  series = {Proceedings of Machine Learning Research},
  volume = {80},
  editor = {Dy, Jennifer G. and Krause, Andreas},
  bibsource = {dblp computer science bibliography, https://dblp.org},
  biburl = {https://dblp.org/rec/conf/icml/KimWGCWVS18.bib},
  timestamp = {Wed, 03 Apr 2019 01:00:00 +0200},
}

@inproceedings{koh2020concept,
  title = {Concept Bottleneck Models},
  author = {Koh, Pang Wei and Nguyen, Thao and Tang, Yew Siang and Mussmann, Stephen and Pierson, Emma and Kim, Been and Liang, Percy},
  year = {2020},
  booktitle = {
    Proceedings of the 37th International Conference on Machine Learning, ICML 2020, 13-18 July
    2020, Virtual Event
  },
  publisher = {PMLR},
  series = {Proceedings of Machine Learning Research},
  volume = {119},
  pages = {5338--5348},
  url = {http://proceedings.mlr.press/v119/koh20a.html},
  bibsource = {dblp computer science bibliography, https://dblp.org},
  biburl = {https://dblp.org/rec/conf/icml/KohNTMPKL20.bib},
  timestamp = {Tue, 15 Dec 2020 00:00:00 +0100},
}

@book{lindgren2023handbook,
  title = {Handbook of Critical Studies of Artificial Intelligence},
  author = {Lindgren, Simon},
  year = {2023},
  publisher = {Edward Elgar Publishing},
}

@inproceedings{lundberg2017unified,
  title = {A Unified Approach to Interpreting Model Predictions},
  author = {Lundberg, Scott M. and Lee, Su-In},
  year = {2017},
  booktitle = {
    Advances in Neural Information Processing Systems 30: Annual Conference on Neural Information
    Processing Systems 2017, December 4-9, 2017, Long Beach, CA, USA
  },
  pages = {4765--4774},
  url = {https://proceedings.neurips.cc/paper/2017/hash/8a20a8621978632d76c43dfd28b67767-Abstract.html},
  editor = {
    Guyon, Isabelle and von Luxburg, Ulrike and Bengio, Samy and Wallach, Hanna M. and Fergus, Rob
    and Vishwanathan, S. V. N. and Garnett, Roman
  },
  bibsource = {dblp computer science bibliography, https://dblp.org},
  biburl = {https://dblp.org/rec/conf/nips/LundbergL17.bib},
  timestamp = {Thu, 21 Jan 2021 00:00:00 +0100},
}

@article{martin1993myth,
  number = {4},
  doi = {10.1145/255950.153587},
  pages = {120--133},
  source = {Crossref},
  volume = {36},
  author = {Martin, C. Dianne},
  year = {1993},
  month = apr,
  url = {https://doi.org/10.1145/255950.153587},
  issn = {0001-0782,1557-7317},
  journal = {Communications of the ACM},
  publisher = {Association for Computing Machinery (ACM)},
  title = {The myth of the awesome thinking machine},
}

@incollection{mccarthy1981epistemological,
  doi = {10.1016/b978-0-934613-03-3.50035-0},
  pages = {459--465},
  source = {Crossref},
  author = {McCarthy, John},
  year = {1981},
  isbn = {9780934613033},
  url = {https://doi.org/10.1016/b978-0-934613-03-3.50035-0},
  booktitle = {Readings in Artificial Intelligence},
  publisher = {Elsevier},
  title = {EPISTEMOLOGICAL PROBLEMS OF ARTIFICIAL INTELLIGENCE},
}

@article{ng2021ai,
  number = {1},
  doi = {10.1002/pra2.487},
  pages = {504--509},
  source = {Crossref},
  volume = {58},
  author = {Ng, Davy Tsz Kit and Leung, Jac Ka Lok and Chu, Kai Wah Samuel and Qiao, Maggie Shen},
  year = {2021},
  month = oct,
  url = {https://doi.org/10.1002/pra2.487},
  issn = {2373-9231,2373-9231},
  journal = {Proceedings of the Association for Information Science and Technology},
  publisher = {Wiley},
  title = {<scp>AI</scp> Literacy: Definition, Teaching, Evaluation and Ethical Issues},
}

@article{ngo2022alignment,
  url = {http://arxiv.org/abs/2209.00626v8},
  year = {2022},
  month = aug,
  title = {The Alignment Problem from a Deep Learning Perspective},
  author = {Ngo, Richard and Chan, Lawrence and Mindermann, S\"oren},
  primaryclass = {cs.AI},
  archiveprefix = {arXiv},
  journal = {ArXiv preprint},
  volume = {abs/2209.00626},
}

@article{obermeyer2019dissecting,
  number = {6464},
  doi = {10.1126/science.aax2342},
  pages = {447--453},
  source = {Crossref},
  volume = {366},
  author = {Obermeyer, Ziad and Powers, Brian and Vogeli, Christine and Mullainathan, Sendhil},
  year = {2019},
  month = oct,
  url = {https://doi.org/10.1126/science.aax2342},
  issn = {0036-8075,1095-9203},
  journal = {Science},
  publisher = {American Association for the Advancement of Science (AAAS)},
  title = {Dissecting racial bias in an algorithm used to manage the health of populations},
}

@article{olah2020zoom,
  number = {3},
  doi = {10.23915/distill.00024.001},
  source = {Crossref},
  volume = {5},
  author = {Olah, Chris and Cammarata, Nick and Schubert, Ludwig and Goh, Gabriel and Petrov, Michael and Carter, Shan},
  year = {2020},
  month = mar,
  url = {https://doi.org/10.23915/distill.00024.001},
  issn = {2476-0757},
  journal = {Distill},
  publisher = {Distill Working Group},
  title = {Zoom In: An Introduction to Circuits},
  pages = {e00024--001},
}

@article{peters2018designing,
  doi = {10.3389/fpsyg.2018.00797},
  source = {Crossref},
  volume = {9},
  author = {Peters, Dorian and Calvo, Rafael A. and Ryan, Richard M.},
  year = {2018},
  month = may,
  url = {https://doi.org/10.3389/fpsyg.2018.00797},
  issn = {1664-1078},
  journal = {Frontiers in Psychology},
  publisher = {Frontiers Media SA},
  title = {Designing for Motivation, Engagement and Wellbeing in Digital Experience},
  pages = {797},
}

@inproceedings{ribeiro2016should,
  title = {'' Why should i trust you?'' Explaining the predictions of any classifier},
  author = {Ribeiro, Marco Tulio and Singh, Sameer and Guestrin, Carlos},
  year = {2016},
  booktitle = {
    Proceedings of the 22nd ACM SIGKDD international conference on knowledge discovery and data
    mining
  },
  pages = {1135--1144},
}

@article{rudin2019stop,
  number = {5},
  doi = {10.1038/s42256-019-0048-x},
  pages = {206--215},
  source = {Crossref},
  volume = {1},
  author = {Rudin, Cynthia},
  year = {2019},
  month = may,
  url = {https://doi.org/10.1038/s42256-019-0048-x},
  issn = {2522-5839},
  journal = {Nature Machine Intelligence},
  publisher = {Springer Science and Business Media LLC},
  title = {Stop explaining black box machine learning models for high stakes decisions and use interpretable models instead},
}

@incollection{russell2021human,
  doi = {10.1093/oso/9780198862536.003.0001},
  pages = {3--23},
  source = {Crossref},
  author = {Russell, Stuart},
  year = {2021},
  month = jul,
  isbn = {9780198862536,9780191895333},
  url = {https://doi.org/10.1093/oso/9780198862536.003.0001},
  booktitle = {Human-Like Machine Intelligence},
  publisher = {Oxford University Press},
  title = {Human-Compatible Artificial Intelligence},
  journal = {Human-like machine intelligence},
}

@article{ryan2000self,
  number = {1},
  doi = {10.1037/0003-066x.55.1.68},
  pages = {68--78},
  source = {Crossref},
  volume = {55},
  author = {Ryan, Richard M. and Deci, Edward L.},
  year = {2000},
  url = {https://doi.org/10.1037/0003-066x.55.1.68},
  issn = {1935-990X,0003-066X},
  journal = {American Psychologist},
  publisher = {American Psychological Association (APA)},
  title = {Self-determination theory and the facilitation of intrinsic motivation, social development, and well-being.},
}

@article{schafer2023notorious,
  number = {02},
  doi = {10.22323/2.22020402},
  source = {Crossref},
  volume = {22},
  author = {Sch\"afer, Mike S.},
  year = {2023},
  month = may,
  url = {https://doi.org/10.22323/2.22020402},
  issn = {1824-2049},
  journal = {Journal of Science Communication},
  publisher = {Sissa Medialab Srl},
  title = {The Notorious GPT: science communication in the age of artificial intelligence},
  pages = {Y02},
}

@article{schneiderman2020,
  number = {4},
  doi = {10.1145/3419764},
  pages = {1--31},
  source = {Crossref},
  volume = {10},
  author = {Shneiderman, Ben},
  subtitle = {Guidelines for Reliable, Safe, and Trustworthy Human-centered AI Systems},
  year = {2020},
  month = oct,
  url = {https://doi.org/10.1145/3419764},
  issn = {2160-6455,2160-6463},
  journal = {ACM Transactions on Interactive Intelligent Systems},
  publisher = {Association for Computing Machinery (ACM)},
  title = {Bridging the Gap Between Ethics and Practice},
}

@inproceedings{selvaraju2017grad,
  doi = {10.1109/iccv.2017.74},
  pages = {618--626},
  source = {Crossref},
  author = {Selvaraju, Ramprasaath R. and Cogswell, Michael and Das, Abhishek and Vedantam, Ramakrishna and Parikh, Devi and Batra, Dhruv},
  year = {2017},
  month = oct,
  url = {https://doi.org/10.1109/iccv.2017.74},
  booktitle = {2017 IEEE International Conference on Computer Vision (ICCV)},
  publisher = {IEEE},
  title = {Grad-CAM: Visual Explanations from Deep Networks via Gradient-Based Localization},
  bibsource = {dblp computer science bibliography, https://dblp.org},
  biburl = {https://dblp.org/rec/conf/iccv/SelvarajuCDVPB17.bib},
  timestamp = {Fri, 25 Dec 2020 00:00:00 +0100},
}

@article{shalev2017formal,
  url = {http://arxiv.org/abs/1708.06374v6},
  year = {2017},
  month = aug,
  title = {On a Formal Model of Safe and Scalable Self-driving Cars},
  author = {Shalev-Shwartz, Shai and Shammah, Shaked and Shashua, Amnon},
  primaryclass = {cs.RO},
  archiveprefix = {arXiv},
  journal = {ArXiv preprint},
  volume = {abs/1708.06374},
}

@book{shneiderman2022human,
  title = {Human-centered AI},
  author = {Shneiderman, Ben},
  year = {2022},
  publisher = {Oxford University Press},
}

@inproceedings{shokri2017membership,
  doi = {10.1109/sp.2017.41},
  pages = {3--18},
  source = {Crossref},
  author = {Shokri, Reza and Stronati, Marco and Song, Congzheng and Shmatikov, Vitaly},
  year = {2017},
  month = may,
  url = {https://doi.org/10.1109/sp.2017.41},
  booktitle = {2017 IEEE Symposium on Security and Privacy (SP)},
  publisher = {IEEE},
  title = {Membership Inference Attacks Against Machine Learning Models},
  organization = {IEEE},
}

@article{szegedy2013intriguing,
  url = {http://arxiv.org/abs/1312.6199v4},
  year = {2013},
  month = dec,
  title = {Intriguing properties of neural networks},
  author = {Szegedy, Christian and Zaremba, Wojciech and Sutskever, Ilya and Bruna, Joan and Erhan, Dumitru and Goodfellow, Ian and Fergus, Rob},
  primaryclass = {cs.CV},
  archiveprefix = {arXiv},
  booktitle = {
    2nd International Conference on Learning Representations, ICLR 2014, Banff, AB, Canada, April
    14-16, 2014, Conference Track Proceedings
  },
  editor = {Bengio, Yoshua and LeCun, Yann},
  bibsource = {dblp computer science bibliography, https://dblp.org},
  biburl = {https://dblp.org/rec/journals/corr/SzegedyZSBEGF13.bib},
  timestamp = {Thu, 25 Jul 2019 01:00:00 +0200},
}

@inproceedings{tramer2019adversarial,
  doi = {10.1145/3319535.3354222},
  source = {Crossref},
  author = {Tram\`er, Florian and Dupr\'e, Pascal and Rusak, Gili and Pellegrino, Giancarlo and Boneh, Dan},
  subtitle = {Perceptual Ad Blocking meets Adversarial Machine Learning},
  year = {2019},
  month = nov,
  url = {https://doi.org/10.1145/3319535.3354222},
  booktitle = {Proceedings of the 2019 ACM SIGSAC Conference on Computer and Communications Security},
  publisher = {ACM},
  title = {AdVersarial},
  pages = {2005--2021},
}

@article{wachter2017counterfactual,
  doi = {10.2139/ssrn.3063289},
  source = {Crossref},
  author = {Wachter, Sandra and Mittelstadt, Brent and Russell, Chris},
  year = {2017},
  url = {https://doi.org/10.2139/ssrn.3063289},
  issn = {1556-5068},
  journal = {SSRN Electronic Journal},
  publisher = {Elsevier BV},
  title = {Counterfactual Explanations Without Opening the Black Box: Automated Decisions and the GDPR},
  volume = {31},
  pages = {841},
}

@article{wiener1960some,
  number = {3410},
  doi = {10.1126/science.131.3410.1355},
  pages = {1355--1358},
  source = {Crossref},
  volume = {131},
  author = {Wiener, Norbert},
  subtitle = {As machines learn they may develop unforeseen strategies at rates that baffle their programmers.},
  year = {1960},
  month = may,
  url = {https://doi.org/10.1126/science.131.3410.1355},
  issn = {0036-8075,1095-9203},
  journal = {Science},
  publisher = {American Association for the Advancement of Science (AAAS)},
  title = {Some Moral and Technical Consequences of Automation},
}

@book{barocas-hardt-narayanan,
  title = {Fairness and Machine Learning: Limitations and Opportunities},
  author = {Barocas, Solon and Hardt, Moritz and Narayanan, Arvind},
  publisher = {MIT Press},
  year = {2023},
}

@article{amodei2016concrete,
  url = {http://arxiv.org/abs/1606.06565v2},
  year = {2016},
  month = jun,
  title = {Concrete Problems in AI Safety},
  author = {Amodei, Dario and Olah, Chris and Steinhardt, Jacob and Christiano, Paul and Schulman, John and Man\'e, Dan},
  primaryclass = {cs.AI},
  archiveprefix = {arXiv},
  journal = {arXiv preprint arXiv:1606.06565},
}