@article{lin2023tiny,
  number = {3},
  doi = {10.1109/mcas.2023.3302182},
  pages = {8--34},
  source = {Crossref},
  volume = {23},
  author = {Lin, Ji and Zhu, Ligeng and Chen, Wei-Ming and Wang, Wei-Chen and Han, Song},
  year = {2023},
  url = {https://doi.org/10.1109/mcas.2023.3302182},
  issn = {1531-636X,1558-0830},
  journal = {IEEE Circuits and Systems Magazine},
  publisher = {Institute of Electrical and Electronics Engineers (IEEE)},
  title = {Tiny Machine Learning: Progress and Futures [Feature]},
}
