%comment{This file was created with betterbib v5.0.11.}


@article{weiser1991computer,
 author = {Weiser, Mark},
 title = {The Computer for the 21st Century},
 journal = {Sci. Am.},
 volume = {265},
 number = {3},
 pages = {94--104},
 year = {1991},
 publisher = {Springer Science and Business Media LLC},
 doi = {10.1038/scientificamerican0991-94},
 source = {Crossref},
 url = {https://doi.org/10.1038/scientificamerican0991-94},
 issn = {0036-8733},
 month = sep,
}
