%comment{This file was created with betterbib v5.0.11.}

@article{thornton1965cdc,
  title = {Design of a Computer: The Control Data 6600},
  author = {Thornton, James E.},
  year = {1965},
  journal = {Communications of the ACM},
  publisher = {ACM},
  volume = {8},
  number = {6},
  pages = {330--335},
}

@article{jain2020efficient,
  title={Efficient Deep Learning Training through Optimizer Fusion},
  author={Jain, Paras and Mo, Minjia and Chen, Xiaodong},
  journal={IEEE Transactions on Parallel and Distributed Systems},
  volume={31},
  number={12},
  pages={2868--2881},
  year={2020},
  publisher={IEEE}
}

@techreport{nvidia2023cuda,
  title={CUDA C++ Programming Guide},
  author={{NVIDIA Corporation}},
  year={2023},
  institution={NVIDIA Corporation},
  type={Technical Report},
  version={12.3}
}

@article{markidis2021memory,
  title={Memory Access Patterns in Deep Learning Accelerators},
  author={Markidis, Stefano and Weinberg, Steven and Park, Jaewook},
  journal={IEEE Micro},
  volume={41},
  number={1},
  pages={42--49},
  year={2021},
  publisher={IEEE}
}

@inproceedings{micikevicius2018mixed,
  title={Mixed Precision Training},
  author={Micikevicius, Paulius and Narang, Sharan and Alben, Jonah and Diamos, Gregory and Elsen, Erich and Garcia, David and Ginsburg, Boris and Houston, Michael and Kuchaiev, Oleksii and Venkatesh, Ganesh and Wu, Hao},
  booktitle={International Conference on Learning Representations},
  year={2018}
}

@book{thinking_machines_cm5,
  title = {CM-5 Technical Summary},
  author = {Corporation, Thinking Machines},
  year = {1992},
  publisher = {Thinking Machines Corporation},
}

@article{abadi2016tensorflow,
  url = {http://arxiv.org/abs/1603.04467v2},
  date = {2016-03-14},
  title = {TensorFlow: Large-Scale Machine Learning on Heterogeneous Distributed Systems},
  author = {Abadi, Martín and Agarwal, Ashish and Barham, Paul and Brevdo, Eugene and Chen, Zhifeng and Citro, Craig and Corrado, Greg S. and Davis, Andy and Dean, Jeffrey and Devin, Matthieu and Ghemawat, Sanjay and Goodfellow, Ian and Harp, Andrew and Irving, Geoffrey and Isard, Michael and Jia, Yangqing and Jozefowicz, Rafal and Kaiser, Lukasz and Kudlur, Manjunath and Levenberg, Josh and Mane, Dan and Monga, Rajat and Moore, Sherry and Murray, Derek and Olah, Chris and Schuster, Mike and Shlens, Jonathon and Steiner, Benoit and Sutskever, Ilya and Talwar, Kunal and Tucker, Paul and Vanhoucke, Vincent and Vasudevan, Vijay and Viegas, Fernanda and Vinyals, Oriol and Warden, Pete and Wattenberg, Martin and Wicke, Martin and Yu, Yuan and Zheng, Xiaoqiang},
  primaryclass = {cs.DC},
  archiveprefix = {arXiv},
  journal = {arXiv preprint arXiv:1603.04467},
}

@article{barroso2003web,
  number = {12},
  doi = {10.1109/mc.2007.443},
  pages = {33--37},
  source = {Crossref},
  volume = {40},
  author = {Barroso, Luiz André and Hölzle, Urs},
  date = {2007-12},
  url = {https://doi.org/10.1109/mc.2007.443},
  issn = {0018-9162},
  journal = {Computer},
  publisher = {Institute of Electrical and Electronics Engineers (IEEE)},
  title = {The Case for Energy-Proportional Computing},
}

@article{krizhevsky2012imagenet,
  number = {6},
  doi = {10.1145/3065386},
  pages = {84--90},
  source = {Crossref},
  volume = {60},
  author = {Krizhevsky, Alex and Sutskever, Ilya and Hinton, Geoffrey E.},
  date = {2017-05-24},
  url = {https://doi.org/10.1145/3065386},
  issn = {0001-0782,1557-7317},
  journal = {Communications of the ACM},
  publisher = {Association for Computing Machinery (ACM)},
  title = {ImageNet classification with deep convolutional neural networks},
  booktitle = {Advances in Neural Information Processing Systems},
}

@article{dongarra2003highperf,
  number = {9},
  doi = {10.1002/cpe.728},
  pages = {803--820},
  source = {Crossref},
  volume = {15},
  author = {Dongarra, Jack J. and Luszczek, Piotr and Petitet, Antoine},
  date = {2003-07-14},
  url = {https://doi.org/10.1002/cpe.728},
  issn = {1532-0626,1532-0634},
  journal = {Concurrency and Computation: Practice and Experience},
  publisher = {Wiley},
  title = {The LINPACK Benchmark: past, present and future},
}

@inproceedings{he2016residual,
  doi = {10.1109/cvpr.2016.90},
  source = {Crossref},
  author = {He, Kaiming and Zhang, Xiangyu and Ren, Shaoqing and Sun, Jian},
  date = {2016-06},
  url = {https://doi.org/10.1109/cvpr.2016.90},
  booktitle = {2016 IEEE Conference on Computer Vision and Pattern Recognition (CVPR)},
  publisher = {IEEE},
  title = {Deep Residual Learning for Image Recognition},
  journal = {Proceedings of the IEEE Conference on Computer Vision and Pattern Recognition (CVPR)},
  pages = {770--778},
}

@article{strassen1969gauss,
  number = {4},
  doi = {10.1007/bf02165411},
  pages = {354--356},
  source = {Crossref},
  volume = {13},
  author = {Strassen, Volker},
  date = {1969-08},
  url = {https://doi.org/10.1007/bf02165411},
  issn = {0029-599X,0945-3245},
  journal = {Numerische Mathematik},
  publisher = {Springer Science and Business Media LLC},
  title = {Gaussian elimination is not optimal},
}

@article{goodfellow2016deep,
  number = {8},
  doi = {10.1109/tpami.2012.273},
  pages = {1902--1914},
  source = {Crossref},
  volume = {35},
  author = {Goodfellow, Ian J. and Courville, Aaron and Bengio, Yoshua},
  date = {2013-08},
  url = {https://doi.org/10.1109/tpami.2012.273},
  issn = {0162-8828,2160-9292},
  journal = {IEEE Transactions on Pattern Analysis and Machine Intelligence},
  publisher = {Institute of Electrical and Electronics Engineers (IEEE)},
  title = {Scaling Up Spike-and-Slab Models for Unsupervised Feature Learning},
  essn = {1939-3539},
  note = {Chapter 6: Deep Feedforward Networks, Activation Functions},
}

@article{hochreiter1998vanishing,
  number = {02},
  doi = {10.1142/s0218488598000094},
  pages = {107--116},
  source = {Crossref},
  volume = {06},
  author = {Hochreiter, Sepp},
  date = {1998-04},
  url = {https://doi.org/10.1142/s0218488598000094},
  issn = {0218-4885,1793-6411},
  journal = {International Journal of Uncertainty, Fuzziness and Knowledge-Based Systems},
  publisher = {World Scientific Pub Co Pte Lt},
  title = {The Vanishing Gradient Problem During Learning Recurrent Neural Nets  and Problem Solutions},
}

@incollection{bengio2012practical,
  doi = {10.1007/978-3-642-35289-8\_26},
  pages = {437--478},
  source = {Crossref},
  author = {Bengio, Yoshua},
  date = {2012},
  isbn = {9783642352881,9783642352898},
  url = {https://doi.org/10.1007/978-3-642-35289-8\_26},
  issn = {0302-9743,1611-3349},
  booktitle = {Neural Networks: Tricks of the Trade},
  publisher = {Springer Berlin Heidelberg},
  title = {Practical Recommendations for Gradient-Based Training of Deep Architectures},
  journal = {Neural Networks: Tricks of the Trade},
}

@article{rumelhart1986learning,
  number = {6088},
  doi = {10.1038/323533a0},
  pages = {533--536},
  source = {Crossref},
  volume = {323},
  author = {Rumelhart, David E. and Hinton, Geoffrey E. and Williams, Ronald J.},
  date = {1986-10},
  url = {https://doi.org/10.1038/323533a0},
  issn = {0028-0836,1476-4687},
  journal = {Nature},
  publisher = {Springer Science and Business Media LLC},
  title = {Learning representations by back-propagating errors},
}

@incollection{lecun1998efficient,
  doi = {10.1007/3-540-49430-8\_2},
  pages = {9--50},
  source = {Crossref},
  author = {LeCun, Yann and Bottou, Leon and Orr, Genevieve B. and Müller, Klaus -Robert},
  date = {1998},
  isbn = {9783540653110,9783540494300},
  url = {https://doi.org/10.1007/3-540-49430-8\_2},
  issn = {0302-9743},
  booktitle = {Neural Networks: Tricks of the Trade},
  publisher = {Springer Berlin Heidelberg},
  title = {Efficient BackProp},
  journal = {Lecture Notes in Computer Science (LNCS)},
  volume = {1524},
}

@article{chetlur2014cudnn,
  title={cudnn: Efficient primitives for deep learning},
  author={Chetlur, Sharan and Woolley, Cliff and Vandermersch, Philippe and Cohen, Jonathan and Tran, John and Catanzaro, Bryan and Shelhamer, Evan},
  journal={arXiv preprint arXiv:1410.0759},
  year={2014}
}

@inproceedings{jouppi2017tpu,
  title={In-datacenter performance analysis of a tensor processing unit},
  author={Jouppi, Norman P and Young, Cliff and Patil, Nishant and Patterson, David and Agrawal, Gaurav and Bajwa, Raminder and Bates, Sarah and Bhatia, Suresh and Boden, Nan and Borchers, Al and others},
  booktitle={Proceedings of the 44th Annual International Symposium on Computer Architecture (ISCA)},
  pages={1--12},
  year={2017}
}

@article{harlap2018pipedream,
  title={Pipedream: Fast and efficient pipeline parallel dnn training},
  author={Harlap, Aaron and Narayanan, Deepak and Phanishayee, Amar and Seshadri, Vivek and Devanur, Nikhil and Ganger, Greg and Gibbons, Phil},
  journal={arXiv preprint arXiv:1806.03377},
  year={2018}
}

@article{micikevicius2018mixed,
  title={Mixed precision training},
  author={Micikevicius, Paulius and Narang, Sharan and Alben, Jonah and Diamos, Gregory and Elsen, Erich and Garcia, David and Ginsburg, Boris and Houston, Michael and Kuchaiev, Oleksii and Venkatesh, Ganesh and others},
  journal={arXiv preprint arXiv:1710.03740},
  year={2018}
}

@article{krishnamoorthi2018quantizing,
  title={Quantizing deep convolutional networks for efficient inference: A whitepaper},
  author={Krishnamoorthi, Raghuraman},
  journal={arXiv preprint arXiv:1806.08342},
  year={2018}
}

@article{chen2015mxnet,
  title={MXNet: A flexible and efficient machine learning library for heterogeneous distributed systems},
  author={Chen, Tianqi and Li, Mu and Li, Yutian and Lin, Min and Wang, Naiyan and Wang, Minjie and Xiao, Tianjun and Xu, Bing and Zhang, Chiyuan and Zhang, Zheng},
  journal={arXiv preprint arXiv:1512.01274},
  year={2015}
}

@article{kingma2014adam,
  url = {http://arxiv.org/abs/1412.6980v9},
  date = {2014-12-22},
  title = {Adam: A Method for Stochastic Optimization},
  author = {Kingma, Diederik P. and Ba, Jimmy},
  primaryclass = {cs.LG},
  archiveprefix = {arXiv},
  journal = {ICLR},
  source = {DBLP},
  booktitle = {Proceedings of the International Conference on Learning Representations (ICLR)},
}

@article{chen2016training,
  url = {http://arxiv.org/abs/1604.06174v2},
  date = {2016-04-21},
  title = {Training Deep Nets with Sublinear Memory Cost},
  author = {Chen, Tianqi and Xu, Bing and Zhang, Chiyuan and Guestrin, Carlos},
  primaryclass = {cs.LG},
  archiveprefix = {arXiv},
  journal = {CoRR},
  volume = {abs/1604.06174},
  source = {DBLP},
  booktitle = {Proceedings of the International Conference on Learning Representations (ICLR)},
}

@techreport{tensorflow_data_2015,
  title = {TensorFlow: Large-Scale Machine Learning on Heterogeneous Systems},
  author = {Abadi, Martín and Agarwal, Ashish and Barham, Paul and others},
  year = {2015},
  note = {Available at <https://www.tensorflow.org/>},
  institution = {Google Brain},
}

@article{nvidia_mixed_precision_2018,
  url = {http://arxiv.org/abs/1710.03740v3},
  date = {2017-10-10},
  title = {Mixed Precision Training},
  author = {Micikevicius, Paulius and Narang, Sharan and Alben, Jonah and Diamos, Gregory and Elsen, Erich and Garcia, David and Ginsburg, Boris and Houston, Michael and Kuchaiev, Oleksii and Venkatesh, Ganesh and Wu, Hao},
  primaryclass = {cs.AI},
  archiveprefix = {arXiv},
  journal = {arXiv preprint arXiv:1710.03740},
  note = {Available at <https://arxiv.org/abs/1710.03740>},
}

@article{dean_large_scale_2012,
  title = {Large Scale Distributed Deep Networks},
  author = {Dean, J. and Corrado, G. and Monga, R. and others},
  year = {2012},
  journal = {Neural Information Processing Systems (NIPS)},
  pages = {1223--1231},
}

@article{goyal_accurate_large_batch_training_2017,
  url = {http://arxiv.org/abs/1706.02677v2},
  date = {2017-06-08},
  title = {Accurate, Large Minibatch SGD: Training ImageNet in 1 Hour},
  author = {Goyal, Priya and Dollár, Piotr and Girshick, Ross and Noordhuis, Pieter and Wesolowski, Lukasz and Kyrola, Aapo and Tulloch, Andrew and Jia, Yangqing and He, Kaiming},
  primaryclass = {cs.CV},
  archiveprefix = {arXiv},
  journal = {arXiv preprint arXiv:1706.02677},
}

@article{baidu_ring_allreduce_2017,
  title = {Meet Horovod: Uber’s Open Source Distributed Deep Learning Framework for TensorFlow},
  author = {Sergeev, Alex and Del Balso, Mike},
  year = {2017},
  journal = {Uber Engineering Blog},
  note = {<https://eng.uber.com/horovod/>},
}

@article{shallue2020_measuring,
  title = {Measuring the Effects of Data Parallelism on Neural Network Training},
  author = {Shallue, C. J. and Lee, J. and Vasudevan, S. and others},
  year = {2020},
  journal = {Journal of Machine Learning Research},
  volume = {21},
  pages = {1--49},
}

@article{brown_language_models_gpt3_2020,
  url = {http://arxiv.org/abs/2005.14165v4},
  date = {2020-05-28},
  title = {Language Models are Few-Shot Learners},
  author = {Brown, Tom B. and Mann, Benjamin and Ryder, Nick and Subbiah, Melanie and Kaplan, Jared and Dhariwal, Prafulla and Neelakantan, Arvind and Shyam, Pranav and Sastry, Girish and Askell, Amanda and Agarwal, Sandhini and Herbert-Voss, Ariel and Krueger, Gretchen and Henighan, Tom and Child, Rewon and Ramesh, Aditya and Ziegler, Daniel M. and Wu, Jeffrey and Winter, Clemens and Hesse, Christopher and Chen, Mark and Sigler, Eric and Litwin, Mateusz and Gray, Scott and Chess, Benjamin and Clark, Jack and Berner, Christopher and McCandlish, Sam and Radford, Alec and Sutskever, Ilya and Amodei, Dario},
  primaryclass = {cs.CL},
  archiveprefix = {arXiv},
  journal = {arXiv preprint arXiv:2005.14165},
}

@article{paszke_pytorch_2019,
  title = {PyTorch: An Imperative Style, High-Performance Deep Learning Library},
  author = {Paszke, Adam and Gross, Sam and Massa, Francisco and others},
  year = {2019},
  journal = {Advances in Neural Information Processing Systems (NeurIPS)},
  volume = {32},
  pages = {8026--8037},
}

@article{abadi_tensorflow_2016,
  url = {http://arxiv.org/abs/1603.04467v2},
  date = {2016-03-14},
  title = {TensorFlow: Large-Scale Machine Learning on Heterogeneous Distributed Systems},
  author = {Abadi, Martín and Agarwal, Ashish and Barham, Paul and Brevdo, Eugene and Chen, Zhifeng and Citro, Craig and Corrado, Greg S. and Davis, Andy and Dean, Jeffrey and Devin, Matthieu and Ghemawat, Sanjay and Goodfellow, Ian and Harp, Andrew and Irving, Geoffrey and Isard, Michael and Jia, Yangqing and Jozefowicz, Rafal and Kaiser, Lukasz and Kudlur, Manjunath and Levenberg, Josh and Mane, Dan and Monga, Rajat and Moore, Sherry and Murray, Derek and Olah, Chris and Schuster, Mike and Shlens, Jonathon and Steiner, Benoit and Sutskever, Ilya and Talwar, Kunal and Tucker, Paul and Vanhoucke, Vincent and Vasudevan, Vijay and Viegas, Fernanda and Vinyals, Oriol and Warden, Pete and Wattenberg, Martin and Wicke, Martin and Yu, Yuan and Zheng, Xiaoqiang},
  primaryclass = {cs.DC},
  archiveprefix = {arXiv},
  journal = {arXiv preprint arXiv:1603.04467},
  note = {<https://www.tensorflow.org/>},
}

@manual{nvidia_nsight_systems_2020,
  title = {NVIDIA Nsight Systems},
  author = {Corporation, NVIDIA},
  year = {2020},
  note = {<https://developer.nvidia.com/nsight-systems>},
}

@manual{tensorflow_profiler_docs,
  title = {TensorFlow Profiler Documentation},
  author = {Developers, TensorFlow},
  note = {<https://www.tensorflow.org/tensorboard/tf\_profiler>},
}

@article{micikevicius_mixed_precision_2018,
  url = {http://arxiv.org/abs/1710.03740v3},
  date = {2017-10-10},
  title = {Mixed Precision Training},
  author = {Micikevicius, Paulius and Narang, Sharan and Alben, Jonah and Diamos, Gregory and Elsen, Erich and Garcia, David and Ginsburg, Boris and Houston, Michael and Kuchaiev, Oleksii and Venkatesh, Ganesh and Wu, Hao},
  primaryclass = {cs.AI},
  archiveprefix = {arXiv},
  journal = {arXiv preprint arXiv:1710.03740},
  note = {<https://arxiv.org/abs/1710.03740>},
}

@manual{nvidia_cublas_docs,
  title = {NVIDIA cuBLAS Library Documentation},
  author = {Corporation, NVIDIA},
  note = {<https://developer.nvidia.com/cublas>},
}

@manual{nvidia_cudnn_docs,
  title = {NVIDIA cuDNN Library Documentation},
  author = {Corporation, NVIDIA},
  note = {<https://developer.nvidia.com/cudnn>},
}

@article{vaswani_attention_2017,
  title = {Attention is All You Need},
  author = {Vaswani, Ashish and Shazeer, Noam and Parmar, Niki and others},
  year = {2017},
  journal = {Advances in Neural Information Processing Systems (NeurIPS)},
  volume = {30},
}

@article{shazeer_mixture_of_experts_2017,
  url = {http://arxiv.org/abs/1701.06538v1},
  date = {2017-01-23},
  title = {Outrageously Large Neural Networks: The Sparsely-Gated Mixture-of-Experts Layer},
  author = {Shazeer, Noam and Mirhoseini, Azalia and Maziarz, Krzysztof and Davis, Andy and Le, Quoc and Hinton, Geoffrey and Dean, Jeff},
  primaryclass = {cs.LG},
  archiveprefix = {arXiv},
  journal = {arXiv preprint arXiv:1701.06538},
}

@inproceedings{narayanan_pipeline_parallelism_2021,
  doi = {10.1145/3458817.3476209},
  pages = {1--15},
  source = {Crossref},
  author = {Narayanan, Deepak and Shoeybi, Mohammad and Casper, Jared and LeGresley, Patrick and Patwary, Mostofa and Korthikanti, Vijay and Vainbrand, Dmitri and Kashinkunti, Prethvi and Bernauer, Julie and Catanzaro, Bryan and Phanishayee, Amar and Zaharia, Matei},
  date = {2021-11-13},
  url = {https://doi.org/10.1145/3458817.3476209},
  booktitle = {Proceedings of the International Conference for High Performance Computing, Networking, Storage and Analysis},
  publisher = {ACM},
  title = {Efficient large-scale language model training on GPU clusters using megatron-LM},
  journal = {Proceedings of the International Conference on High-Performance Computing, Networking, Storage and Analysis},
}

@manual{nvidia_nvlink_whitepaper_2017,
  title = {NVIDIA NVLink High-Speed Interconnect},
  author = {Corporation, NVIDIA},
  year = {2017},
  note = {<https://www.nvidia.com/en-us/data-center/nvlink/>},
}

@manual{infiniband_specification,
  title = {InfiniBand Architecture Specification},
  author = {Association, InfiniBand Trade},
  note = {<https://www.infinibandta.org/>},
}

@manual{deepspeed_training_system_2021,
  title = {DeepSpeed: Extreme-scale Model Training for Everyone},
  author = {Research, Microsoft},
  year = {2021},
  note = {<https://www.microsoft.com/en-us/research/project/deepspeed/>},
}

@article{wang_bfloat16_2019,
  title = {BFloat16: The Secret to High Performance on Cloud TPUs},
  author = {Wang, Y. and Kanwar, P.},
  year = {2019},
  journal = {Google Cloud Blog},
  note = {Available at <https://cloud.google.com/blog/products/ai-machine-learning/bfloat16-the-secret-to-high-performance-on-cloud-tpus>},
}

@article{nvidia_tensors_fp16_2017,
  url = {http://arxiv.org/abs/1807.11205v1},
  date = {2018-07-30},
  title = {Highly Scalable Deep Learning Training System with Mixed-Precision: Training ImageNet in Four Minutes},
  author = {Jia, Xianyan and Song, Shutao and He, Wei and Wang, Yangzihao and Rong, Haidong and Zhou, Feihu and Xie, Liqiang and Guo, Zhenyu and Yang, Yuanzhou and Yu, Liwei and Chen, Tiegang and Hu, Guangxiao and Shi, Shaohuai and Chu, Xiaowen},
  primaryclass = {cs.LG},
  archiveprefix = {arXiv},
  journal = {arXiv preprint arXiv:1807.11205},
  note = {Available at <https://arxiv.org/abs/1807.11205>},
}

@article{pytorch_checkpoint_2019,
  number = {7},
  doi = {10.1088/1361-6560/acc003},
  pages = {075008},
  source = {Crossref},
  volume = {68},
  author = {Miller, Zachary and Pirasteh, Ali and Johnson, Kevin M},
  date = {2023-03-23},
  url = {https://doi.org/10.1088/1361-6560/acc003},
  issn = {0031-9155,1361-6560},
  journal = {Physics in Medicine \&amp; Biology},
  publisher = {IOP Publishing},
  title = {Memory efficient model based deep learning reconstructions for high spatial resolution 3D non-cartesian acquisitions},
  essn = {1361-6560},
  note = {Available at <https://pytorch.org/docs/stable/checkpoint.html>},
}

@article{jouppi2017tpu,
  title = {In-Datacenter Performance Analysis of a Tensor Processing Unit},
  author = {Jouppi, Norman P. and Young, Cliff and Patil, Nishant and Patterson, David and al., et},
  year = {2017},
  journal = {Proceedings of the 44th Annual International Symposium on Computer Architecture (ISCA)},
  publisher = {ACM},
  pages = {1--12},
}

@article{paszke2019pytorch,
  title = {PyTorch: An Imperative Style, High-Performance Deep Learning Library},
  author = {Paszke, Adam and Gross, Sam and Massa, Francisco and al., et},
  year = {2019},
  journal = {Advances in Neural Information Processing Systems (NeurIPS)},
  volume = {32},
  pages = {8026--8037},
}

@article{baydin2018automatic,
  author = {Baydin, Atilim Gunes and Pearlmutter, Barak A. and Radul, Alexey Andreyevich and Siskind, Jeffrey Mark},
  title = {Automatic Differentiation in Machine Learning: a Survey.},
  journal = {J. Mach. Learn. Res.},
  volume = {18},
  pages = {153:1-153:43},
  year = {2017},
  url = {https://jmlr.org/papers/v18/17-468.html},
  source = {DBLP},
  number = {153},
}

@inbook{cauchy1847gradient,
  doi = {10.1017/cbo9780511702396.063},
  pages = {399--402},
  source = {Crossref},
  date = {2009-07-20},
  url = {https://doi.org/10.1017/cbo9780511702396.063},
  booktitle = {Oeuvres complètes},
  publisher = {Cambridge University Press},
  chapter = {ANALYSE MATHÉMATIQUE. – Méthodc générale pour la résolution des systèmes d'équations simultanées},
  title = {Méthode générale pour la résolution des systèmes d'équations simultanées},
  author = {Cauchy, A.L.},
  journal = {Comptes Rendus des Séances de l'Académie des Sciences},
  volume = {25},
}

@article{dean2012large,
  number = {1},
  doi = {10.1145/1327452.1327492},
  pages = {107--113},
  source = {Crossref},
  volume = {51},
  author = {Dean, Jeffrey and Ghemawat, Sanjay},
  subtitle = {simplified data processing on large clusters},
  date = {2008-01},
  url = {https://doi.org/10.1145/1327452.1327492},
  issn = {0001-0782,1557-7317},
  journal = {Communications of the ACM},
  publisher = {Association for Computing Machinery (ACM)},
  title = {MapReduce},
  booktitle = {Communications of the ACM},
}

@inproceedings{nair2010relu,
  author = {Nair, Vinod and Hinton, Geoffrey E.},
  title = {Rectified Linear Units Improve Restricted Boltzmann Machines.},
  journal = {ICML},
  pages = {807--814},
  year = {2010},
  url = {https://icml.cc/Conferences/2010/papers/432.pdf},
  source = {DBLP},
  booktitle = {Proceedings of the 27th International Conference on Machine Learning (ICML)},
}

@inproceedings{vaswani2017attention,
  doi = {10.18653/v1/p18-1008},
  source = {Crossref},
  author = {Chen, Mia Xu and Firat, Orhan and Bapna, Ankur and Johnson, Melvin and Macherey, Wolfgang and Foster, George and Jones, Llion and Schuster, Mike and Shazeer, Noam and Parmar, Niki and Vaswani, Ashish and Uszkoreit, Jakob and Kaiser, Lukasz and Chen, Zhifeng and Wu, Yonghui and Hughes, Macduff},
  date = {2018},
  url = {https://doi.org/10.18653/v1/p18-1008},
  booktitle = {Proceedings of the 56th Annual Meeting of the Association for Computational Linguistics (Volume 1: Long Papers)},
  publisher = {Association for Computational Linguistics},
  title = {The Best of Both Worlds: Combining Recent Advances in Neural Machine Translation},
  journal = {Advances in Neural Information Processing Systems (NeurIPS)},
  volume = {30},
  pages = {5998--6008},
}

@article{brown2020language,
  title = {Language Models are Few-Shot Learners},
  author = {Brown, Tom B. and Mann, Benjamin and Ryder, Nick and Subbiah, Melanie and Kaplan, Jared and al., et},
  year = {2020},
  journal = {Advances in Neural Information Processing Systems (NeurIPS)},
  volume = {33},
  pages = {1877--1901},
}

@article{patterson2021hardware,
  number = {12},
  doi = {10.1145/3467017},
  pages = {58--65},
  source = {Crossref},
  volume = {64},
  author = {Hooker, Sara},
  date = {2021-11-19},
  url = {https://doi.org/10.1145/3467017},
  issn = {0001-0782,1557-7317},
  journal = {Communications of the ACM},
  publisher = {Association for Computing Machinery (ACM)},
  title = {The hardware lottery},
  booktitle = {Communications of the ACM},
}

@inproceedings{micikevicius2018mixed,
  doi = {10.18653/v1/w18-2507},
  pages = {41--46},
  source = {Crossref},
  author = {Kuchaiev, Oleksii and Ginsburg, Boris and Gitman, Igor and Lavrukhin, Vitaly and Case, Carl and Micikevicius, Paulius},
  date = {2018},
  url = {https://doi.org/10.18653/v1/w18-2507},
  booktitle = {Proceedings of Workshop for NLP Open Source Software (NLP-OSS)},
  publisher = {Association for Computational Linguistics},
  title = {OpenSeq2Seq: Extensible Toolkit for Distributed and Mixed Precision Training of Sequence-to-Sequence Models},
  journal = {International Conference on Learning Representations (ICLR)},
}

@article{dahl2023benchmarking,
  number = {6},
  doi = {10.1212/nxi.0000000000001086},
  source = {Crossref},
  volume = {8},
  author = {Dürr, Marc and Nissen, Gunnar and Sühs, Kurt-Wolfram and Schwenkenbecher, Philipp and Geis, Christian and Ringelstein, Marius and Hartung, Hans-Peter and Friese, Manuel A. and Kaufmann, Max and Malter, Michael P. and Madlener, Marie and Thaler, Franziska S. and Kümpfel, Tania and Senel, Makbule and Häusler, Martin G. and Schneider, Hauke and Bergh, Florian Then and Kellinghaus, Christoph and Zettl, Uwe K. and Wandinger, Klaus-Peter and Melzer, Nico and Gross, Catharina C. and Lange, Peter and Dreyhaupt, Jens and Tumani, Hayrettin and Leypoldt, Frank and Lewerenz, Jan and  and Finke, Alexander and Philipsen, Alexandra and Linsa, Andeas and Dik, Andre and Kraft, Andrea and Binder, Andreas and van Baalen, Andreas and Gorsler, Anna and Pröbstel, Anne-Katrin and Baumgartner, Annette and Grau, Armin and Blaschek, Astrid and Wunderlich, Benjamin and Balint, Bettina and Wildemann, Brigitte and Finke, Carsten and Gross, Catharina and Bien, Christian and Geis, Christian and Urbanek, Christian and Strippel, Christine and Kellinghaus, Christoph and Lehrich, Christoph and Krogias, Christos and Ha-Yeun, Chung and Sommer, Claudia and Mönig, Constanze and Bien, Corinna and Trebst, Corinna and Bittner, Daniel and Fitzner, Dirk and Endres, Dominique and Ismail, Fatme Seval and Rosenow, Felix and von Poderwils, Felix and Bergh, Florian Then and Hoffmann, Frank and Leypoldt, Frank and Blaes, Franz and Thaler, Franziska and Ebinger, Friedrich and Trendelenburg, George and Reimann, Gernot and Nissen, Gunnar and Seidel, Günter and Hartung, Hans-Peter and Prüß, Harald and Schneider, Hauke and Tumani, Hayretti and Wiendl, Heinz and Rohner, Hendrik and Stolze, Henning and Ayzenberg, Ilya and Schröder, Ina and Schmütz, Ina-Isabelle and Lewerenz, Jan and Dreyhaupt, Jens and Schaumberg, Jens and Schmidt, Jens and Havla, Joachim and Helena Rau, Johanna Maria and Piepgras, Johannes and Wickel, Jonathan and Priller, Josef and Obrocki, Jost and Wagner, Judith and Faiss, Jürgen Hartmut and Dargvainiene, Justina and Siebenbrodt, Kai and Witt, Karsten and Eisenhut, Katharina and Doppler, Kathrin and Hellwig, Kerstin and Rostasy, Kevin and Wandinger, Klaus-Peter and Melzer, Kristin Stefanie and Sühs, Kurt-Wolfram and Zieger, Lara and Edelhoff, Lena and Penner, Loana and Appeltshauser, Luise and Senel, Makbule and Friese, Manuel and Dürr, Marc and Gebhard, Marcel and Gallus, Marco and Madlener, Marie and Mono, Marie-Luise and Entscheva, Marina and Flotats-Bastardas, Marina and Ringelstein, Marius and Krämer, Markus and Häusler, Martin and Stangel, Martin and Jansen, Martina and von Mering, Matthias and Kaufmann, Max and Türedi, Mehtap and Adelmann, Michael and Malter, Michael and Nagel, Michael and Stoppe, Muriel and Melzer, Nico and Hansen, Niels and Stammel, Oliver and Friedemann, Paul and Körtvelyessy, Peter and Lange, Peter and Hillebrand, Philip and Schwenkenbecher, Philipp and Reinecke, Raphael and Trollmann, Regina and Berger, Robert and Handreka, Robert and Weissert, Robert and Bernsen, Sarah and Berning, Sascha and Räuber, Saskia Jania and Baatz, Sebastian and Bauer, Sebastian and Wöpking, Sigrid and Tauber, Simone and Benesch, Sonka and Bittner, Stefan and Syrbe, Steffen and Rüegg, Stephan and Schreiber, Stephan and Knake, Susanne and Ehrlich, Sven and Meuth, Sven and Kümpfel, Tanja and Pfefferkorn, Thomas and Menge, Til and Neumann-Haefelin, Tobias and Oy, Ulrich Hofstadt-van and Zettl, Uwe K. and Held, Valentin and Heide, Wolfgang},
  date = {2021-11},
  url = {https://doi.org/10.1212/nxi.0000000000001086},
  issn = {2332-7812},
  journal = {Neurology Neuroimmunology \&amp; Neuroinflammation},
  publisher = {Ovid Technologies (Wolters Kluwer Health)},
  title = {CSF Findings in Acute NMDAR and LGI1 Antibody–Associated Autoimmune Encephalitis},
}

@article{diederik2015adam,
  url = {http://arxiv.org/abs/1412.6980v9},
  date = {2014-12-22},
  title = {Adam: A Method for Stochastic Optimization},
  author = {Kingma, Diederik P. and Ba, Jimmy},
  primaryclass = {cs.LG},
  archiveprefix = {arXiv},
  booktitle = {3rd International Conference on Learning Representations, ICLR 2015, San Diego, CA, USA, May 7-9, 2015, Conference Track Proceedings},
  editor = {Bengio, Yoshua and LeCun, Yann},
  bibsource = {dblp computer science bibliography, https://dblp.org},
  biburl = {https://dblp.org/rec/journals/corr/KingmaB14.bib},
  timestamp = {Thu, 25 Jul 2019 01:00:00 +0200},
}

@inproceedings{glorot2010understanding,
  author = {Glorot, Xavier and Bengio, Yoshua},
  title = {Understanding the difficulty of training deep feedforward neural networks.},
  journal = {AISTATS},
  pages = {249--256},
  year = {2010},
  url = {http://proceedings.mlr.press/v9/glorot10a.html},
  source = {DBLP},
  booktitle = {Proceedings of the Thirteenth International Conference on Artificial Intelligence and Statistics},
}

@misc{hinton2017overview,
  title = {Overview of Minibatch Gradient Descent},
  author = {Hinton, Geoffrey},
  year = {2017},
  howpublished = {University Lecture},
  institution = {University of Toronto},
}

@inproceedings{jasper2012practical,
  title = {Practical Bayesian Optimization of Machine Learning Algorithms},
  author = {Snoek, Jasper and Larochelle, Hugo and Adams, Ryan P.},
  year = {2012},
  booktitle = {Advances in Neural Information Processing Systems 25: 26th Annual Conference on Neural Information Processing Systems 2012. Proceedings of a meeting held December 3-6, 2012, Lake Tahoe, Nevada, United States},
  pages = {2960--2968},
  url = {https://proceedings.neurips.cc/paper/2012/hash/05311655a15b75fab86956663e1819cd-Abstract.html},
  editor = {Bartlett, Peter L. and Pereira, Fernando C. N. and Burges, Christopher J. C. and Bottou, Léon and Weinberger, Kilian Q.},
  bibsource = {dblp computer science bibliography, https://dblp.org},
  biburl = {https://dblp.org/rec/conf/nips/SnoekLA12.bib},
  timestamp = {Thu, 21 Jan 2021 00:00:00 +0100},
}

@inproceedings{john2010adaptive,
  title = {Adaptive Subgradient Methods for Online Learning and Stochastic Optimization},
  author = {Duchi, John C. and Hazan, Elad and Singer, Yoram},
  year = {2010},
  booktitle = {COLT 2010 - The 23rd Conference on Learning Theory, Haifa, Israel, June 27-29, 2010},
  publisher = {Omnipress},
  pages = {257--269},
  url = {http://colt2010.haifa.il.ibm.com/papers/COLT2010proceedings.pdf#page=265},
  editor = {Kalai, Adam Tauman and Mohri, Mehryar},
  bibsource = {dblp computer science bibliography, https://dblp.org},
  biburl = {https://dblp.org/rec/conf/colt/DuchiHS10.bib},
  timestamp = {Tue, 19 Feb 2013 00:00:00 +0100},
}

@inproceedings{kaiming2015delving,
  doi = {10.1109/iccv.2015.123},
  source = {Crossref},
  author = {He, Kaiming and Zhang, Xiangyu and Ren, Shaoqing and Sun, Jian},
  date = {2015-12},
  url = {https://doi.org/10.1109/iccv.2015.123},
  booktitle = {2015 IEEE International Conference on Computer Vision (ICCV)},
  publisher = {IEEE},
  title = {Delving Deep into Rectifiers: Surpassing Human-Level Performance on ImageNet Classification},
  pages = {1026--1034},
  bibsource = {dblp computer science bibliography, https://dblp.org},
  biburl = {https://dblp.org/rec/conf/iccv/HeZRS15.bib},
  timestamp = {Wed, 17 Apr 2019 01:00:00 +0200},
}

@article{robbins1951stochastic,
  number = {3},
  doi = {10.1214/aoms/1177729586},
  pages = {400--407},
  source = {Crossref},
  volume = {22},
  author = {Robbins, Herbert and Monro, Sutton},
  date = {1951-09},
  url = {https://doi.org/10.1214/aoms/1177729586},
  issn = {0003-4851},
  journal = {The Annals of Mathematical Statistics},
  publisher = {Institute of Mathematical Statistics},
  title = {A Stochastic Approximation Method},
}

@article{ruder2016overview,
  url = {http://arxiv.org/abs/1609.04747v2},
  date = {2016-09-15},
  title = {An overview of gradient descent optimization algorithms},
  author = {Ruder, Sebastian},
  primaryclass = {cs.LG},
  archiveprefix = {arXiv},
  journal = {ArXiv preprint},
  volume = {abs/1609.04747},
}

@article{srivastava2014dropout,
  title = {Dropout: a simple way to prevent neural networks from overfitting.},
  author = {Srivastava, Nitish and Hinton, Geoffrey E. and Krizhevsky, Alex and Sutskever, Ilya and Salakhutdinov, Ruslan},
  year = {2014},
  journal = {J. Mach. Learn. Res.},
  volume = {15},
  number = {1},
  pages = {1929--1958},
  doi = {10.5555/2627435.2670313},
  url = {https://dl.acm.org/doi/10.5555/2627435.2670313},
  source = {DBLP},
}

@article{torsten2021sparsity,
  url = {http://arxiv.org/abs/2102.00554v1},
  date = {2021-01-31},
  title = {Sparsity in Deep Learning: Pruning and growth for efficient inference and training in neural networks},
  author = {Hoefler, Torsten and Alistarh, Dan and Ben-Nun, Tal and Dryden, Nikoli and Peste, Alexandra},
  primaryclass = {cs.LG},
  archiveprefix = {arXiv},
  eprint = {2102.00554},
}

@article{yang2018imagenet,
  url = {http://arxiv.org/abs/1709.05011v10},
  date = {2017-09-14},
  title = {ImageNet Training in Minutes},
  author = {You, Yang and Zhang, Zhao and Hsieh, Cho-Jui and Demmel, James and Keutzer, Kurt},
  primaryclass = {cs.CV},
  archiveprefix = {arXiv},
  eprint = {1709.05011},
}

@article{you2018imagenet,
  url = {http://arxiv.org/abs/1709.05011v10},
  date = {2017-09-14},
  title = {ImageNet Training in Minutes},
  author = {You, Yang and Zhang, Zhao and Hsieh, Cho-Jui and Demmel, James and Keutzer, Kurt},
  primaryclass = {cs.CV},
  archiveprefix = {arXiv},
  eprint = {1709.05011},
}

@article{zeiler2012reinforcement,
  url = {http://arxiv.org/abs/1212.5701v1},
  date = {2012-12-22},
  title = {ADADELTA: An Adaptive Learning Rate Method},
  author = {Zeiler, Matthew D.},
  primaryclass = {cs.LG},
  archiveprefix = {arXiv},
  publisher = {Wiley},
  pages = {119--149},
  doi = {10.1002/9781118266502.ch6},
  isbn = {9780470919996,9781118266502},
  eprint = {1212.5701},
  source = {Crossref},
}

@article{zoph2023cybernetical,
  url = {http://arxiv.org/abs/1611.01578v2},
  date = {2016-11-05},
  title = {Neural Architecture Search with Reinforcement Learning},
  author = {Zoph, Barret and Le, Quoc V.},
  primaryclass = {cs.LG},
  archiveprefix = {arXiv},
  publisher = {Wiley},
  pages = {367--392},
  doi = {10.1002/9781394217519.ch17},
  isbn = {9781394217489,9781394217519},
  eprint = {1611.01578},
  source = {Crossref},
}

@article{reddi2019convergence,
  url = {http://arxiv.org/abs/1904.09237v1},
  date = {2019-04-19},
  title = {On the Convergence of Adam and Beyond},
  author = {Reddi, Sashank J. and Kale, Satyen and Kumar, Sanjiv},
  primaryclass = {cs.LG},
  archiveprefix = {arXiv},
  journal = {arXiv preprint arXiv:1904.09237},
}

@article{jaderberg2017population,
  url = {http://arxiv.org/abs/1711.09846v2},
  date = {2017-11-27},
  title = {Population Based Training of Neural Networks},
  author = {Jaderberg, Max and Dalibard, Valentin and Osindero, Simon and Czarnecki, Wojciech M. and Donahue, Jeff and Razavi, Ali and Vinyals, Oriol and Green, Tim and Dunning, Iain and Simonyan, Karen and Fernando, Chrisantha and Kavukcuoglu, Koray},
  primaryclass = {cs.LG},
  archiveprefix = {arXiv},
  journal = {arXiv preprint arXiv:1711.09846},
}

@article{dongarra1988extended,
  number = {1},
  doi = {10.1145/42288.42291},
  pages = {1--17},
  source = {Crossref},
  volume = {14},
  author = {Dongarra, Jack J. and Du Croz, Jeremy and Hammarling, Sven and Hanson, Richard J.},
  date = {1988-03},
  url = {https://doi.org/10.1145/42288.42291},
  issn = {0098-3500,1557-7295},
  journal = {ACM Transactions on Mathematical Software},
  publisher = {Association for Computing Machinery (ACM)},
  title = {An extended set of FORTRAN basic linear algebra subprograms},
}

@book{Hennessy2019,
  author = {Hennessy, John L. and Patterson, David A.},
  title = {Computer Architecture: A Quantitative Approach},
  year = {2019},
  edition = {6th},
  publisher = {Morgan Kaufmann},
  address = {San Francisco, CA},
}

@book{Patterson2021,
  author = {Patterson, David A. and Hennessy, John L.},
  title = {Computer Organization and Design RISC-V Edition: The Hardware Software Interface},
  year = {2021},
  edition = {2nd},
  publisher = {Morgan Kaufmann},
  address = {San Francisco, CA},
}

@article{Micikevicius2018,
  url = {http://arxiv.org/abs/1710.03740v3},
  date = {2017-10-10},
  title = {Mixed Precision Training},
  author = {Micikevicius, Paulius and Narang, Sharan and Alben, Jonah and Diamos, Gregory and Elsen, Erich and Garcia, David and Ginsburg, Boris and Houston, Michael and Kuchaiev, Oleksii and Venkatesh, Ganesh and Wu, Hao},
  primaryclass = {cs.AI},
  archiveprefix = {arXiv},
  journal = {arXiv preprint arXiv:1710.03740},
}

@article{Brown2020,
  url = {http://arxiv.org/abs/2005.14165v4},
  date = {2020-05-28},
  title = {Language Models are Few-Shot Learners},
  author = {Brown, Tom B. and Mann, Benjamin and Ryder, Nick and Subbiah, Melanie and Kaplan, Jared and Dhariwal, Prafulla and Neelakantan, Arvind and Shyam, Pranav and Sastry, Girish and Askell, Amanda and Agarwal, Sandhini and Herbert-Voss, Ariel and Krueger, Gretchen and Henighan, Tom and Child, Rewon and Ramesh, Aditya and Ziegler, Daniel M. and Wu, Jeffrey and Winter, Clemens and Hesse, Christopher and Chen, Mark and Sigler, Eric and Litwin, Mateusz and Gray, Scott and Chess, Benjamin and Clark, Jack and Berner, Christopher and McCandlish, Sam and Radford, Alec and Sutskever, Ilya and Amodei, Dario},
  primaryclass = {cs.CL},
  archiveprefix = {arXiv},
  journal = {arXiv preprint arXiv:2005.14165},
}

@inproceedings{Jouppi2017,
  doi = {10.1145/3079856.3080246},
  source = {Crossref},
  author = {Jouppi, Norman P. and Young, Cliff and Patil, Nishant and Patterson, David and Agrawal, Gaurav and Bajwa, Raminder and Bates, Sarah and Bhatia, Suresh and Boden, Nan and Borchers, Al and Boyle, Rick and Cantin, Pierre-luc and Chao, Clifford and Clark, Chris and Coriell, Jeremy and Daley, Mike and Dau, Matt and Dean, Jeffrey and Gelb, Ben and Ghaemmaghami, Tara Vazir and Gottipati, Rajendra and Gulland, William and Hagmann, Robert and Ho, C. Richard and Hogberg, Doug and Hu, John and Hundt, Robert and Hurt, Dan and Ibarz, Julian and Jaffey, Aaron and Jaworski, Alek and Kaplan, Alexander and Khaitan, Harshit and Killebrew, Daniel and Koch, Andy and Kumar, Naveen and Lacy, Steve and Laudon, James and Law, James and Le, Diemthu and Leary, Chris and Liu, Zhuyuan and Lucke, Kyle and Lundin, Alan and MacKean, Gordon and Maggiore, Adriana and Mahony, Maire and Miller, Kieran and Nagarajan, Rahul and Narayanaswami, Ravi and Ni, Ray and Nix, Kathy and Norrie, Thomas and Omernick, Mark and Penukonda, Narayana and Phelps, Andy and Ross, Jonathan and Ross, Matt and Salek, Amir and Samadiani, Emad and Severn, Chris and Sizikov, Gregory and Snelham, Matthew and Souter, Jed and Steinberg, Dan and Swing, Andy and Tan, Mercedes and Thorson, Gregory and Tian, Bo and Toma, Horia and Tuttle, Erick and Vasudevan, Vijay and Walter, Richard and Wang, Walter and Wilcox, Eric and Yoon, Doe Hyun},
  date = {2017-06-24},
  url = {https://doi.org/10.1145/3079856.3080246},
  booktitle = {Proceedings of the 44th Annual International Symposium on Computer Architecture},
  publisher = {ACM},
  title = {In-Datacenter Performance Analysis of a Tensor Processing Unit},
  journal = {Proceedings of the 44th Annual International Symposium on Computer Architecture (ISCA)},
  pages = {1--12},
}

@article{Devlin2019,
  url = {http://arxiv.org/abs/1810.04805v2},
  date = {2018-10-11},
  title = {BERT: Pre-training of Deep Bidirectional Transformers for Language Understanding},
  author = {Devlin, Jacob and Chang, Ming-Wei and Lee, Kenton and Toutanova, Kristina},
  primaryclass = {cs.CL},
  archiveprefix = {arXiv},
  booktitle = {Proceedings of the 2019 Conference of the North American Chapter of the Association for Computational Linguistics: Human Language Technologies},
  pages = {4171--4186},
}

@article{Feldman2020,
  author = {Feldman, Andrew and Lie, Sean and James, Michael and others},
  title = {The Cerebras Wafer-Scale Engine: Opportunities and Challenges of Building an Accelerator at Wafer Scale},
  journal = {IEEE Micro},
  year = {2020},
  volume = {40},
  number = {2},
  pages = {20--29},
  doi = {10.1109/MM.2020.2975796},
}

@article{Putnam2014,
  number = {3},
  doi = {10.1145/2678373.2665678},
  pages = {13--24},
  source = {Crossref},
  volume = {42},
  author = {Putnam, Andrew and Caulfield, Adrian M. and Chung, Eric S. and Chiou, Derek and Constantinides, Kypros and Demme, John and Esmaeilzadeh, Hadi and Fowers, Jeremy and Gopal, Gopi Prashanth and Gray, Jan and Haselman, Michael and Hauck, Scott and Heil, Stephen and Hormati, Amir and Kim, Joo-Young and Lanka, Sitaram and Larus, James and Peterson, Eric and Pope, Simon and Smith, Aaron and Thong, Jason and Xiao, Phillip Yi and Burger, Doug},
  date = {2014-06-14},
  url = {https://doi.org/10.1145/2678373.2665678},
  issn = {0163-5964},
  journal = {ACM SIGARCH Computer Architecture News},
  publisher = {Association for Computing Machinery (ACM)},
  title = {A reconfigurable fabric for accelerating large-scale datacenter services},
  booktitle = {Proceedings of the 41st Annual International Symposium on Computer Architecture (ISCA)},
}