@inproceedings{Abadi_2016,
  title = {TensorFlow: A System for Large-Scale Machine Learning},
  author = {
    Abadi, Mart\'in and Barham, Paul and Chen, Jianmin and Chen, Zhifeng and Davis, Andy and Dean,
    Jeffrey and Devin, Matthieu and Ghemawat, Sanjay and Irving, Geoffrey and Isard, Michael and
    others
  },
  year = {2016},
  booktitle = {12th USENIX Symposium on Operating Systems Design and Implementation (OSDI 16)},
  publisher = {USENIX Association},
  pages = {265--283},
  url = {https://www.usenix.org/conference/osdi16/technical-sessions/presentation/abadi},
}

@article{al2016theano,
  title = {Theano: A Python framework for fast computation of mathematical expressions},
  author = {
    Team, The Theano Development and Al-Rfou, Rami and Alain, Guillaume and Almahairi, Amjad and
    Angermueller, Christof and Bahdanau, Dzmitry and Ballas, Nicolas and Bastien, Fr\'ed\'eric and
    Bayer, Justin and Belikov, Anatoly and Belopolsky, Alexander and Bengio, Yoshua and Bergeron,
    Arnaud and Bergstra, James and Bisson, Valentin and Snyder, Josh Bleecher and Bouchard, Nicolas
    and Boulanger-Lewandowski, Nicolas and Bouthillier, Xavier and de Br\'ebisson, Alexandre and
    Breuleux, Olivier and Carrier, Pierre-Luc and Cho, Kyunghyun and Chorowski, Jan and Christiano,
    Paul and Cooijmans, Tim and C\^ot\'e, Marc-Alexandre and C\^ot\'e, Myriam and Courville, Aaron
    and Dauphin, Yann N. and Delalleau, Olivier and Demouth, Julien and Desjardins, Guillaume and
    Dieleman, Sander and Dinh, Laurent and Ducoffe, M\'elanie and Dumoulin, Vincent and Kahou,
    Samira Ebrahimi and Erhan, Dumitru and Fan, Ziye and Firat, Orhan and Germain, Mathieu and
    Glorot, Xavier and Goodfellow, Ian and Graham, Matt and Gulcehre, Caglar and Hamel, Philippe
    and Harlouchet, Iban and Heng, Jean-Philippe and Hidasi, Bal\'azs and Honari, Sina and Jain,
    Arjun and Jean, S\'ebastien and Jia, Kai and Korobov, Mikhail and Kulkarni, Vivek and Lamb,
    Alex and Lamblin, Pascal and Larsen, Eric and Laurent, C\'esar and Lee, Sean and Lefrancois,
    Simon and Lemieux, Simon and L\'eonard, Nicholas and Lin, Zhouhan and Livezey, Jesse A. and
    Lorenz, Cory and Lowin, Jeremiah and Ma, Qianli and Manzagol, Pierre-Antoine and Mastropietro,
    Olivier and McGibbon, Robert T. and Memisevic, Roland and van Merri\"enboer, Bart and
    Michalski, Vincent and Mirza, Mehdi and Orlandi, Alberto and Pal, Christopher and Pascanu,
    Razvan and Pezeshki, Mohammad and Raffel, Colin and Renshaw, Daniel and Rocklin, Matthew and
    Romero, Adriana and Roth, Markus and Sadowski, Peter and Salvatier, John and Savard,
    Fran\c{c}ois and Schl\"uter, Jan and Schulman, John and Schwartz, Gabriel and Serban, Iulian
    Vlad and Serdyuk, Dmitriy and Shabanian, Samira and Simon, \'Etienne and Spieckermann, Sigurd
    and Subramanyam, S. Ramana and Sygnowski, Jakub and Tanguay, J\'er\'emie and van Tulder, Gijs
    and Turian, Joseph and Urban, Sebastian and Vincent, Pascal and Visin, Francesco and de Vries,
    Harm and Warde-Farley, David and Webb, Dustin J. and Willson, Matthew and Xu, Kelvin and Xue,
    Lijun and Yao, Li and Zhang, Saizheng and Zhang, Ying
  },
  year = {2016},
  month = may,
  url = {http://arxiv.org/abs/1605.02688v1},
  primaryclass = {cs.SC},
  archiveprefix = {arXiv},
  eprint = {1605.02688},
}

@article{Baydin_2018,
  title = {Automatic Differentiation in Machine Learning: a Survey.},
  author = {
    Baydin, Atilim Gunes and Pearlmutter, Barak A. and Radul, Alexey Andreyevich and Siskind,
    Jeffrey Mark
  },
  year = {2017},
  journal = {J. Mach. Learn. Res.},
  volume = {18},
  pages = {153:1--153:43},
  url = {https://jmlr.org/papers/v18/17-468.html},
  source = {DBLP},
}

@article{baydin2018,
  title = {Automatic Differentiation in Machine Learning: a Survey.},
  author = {
    Baydin, Atilim Gunes and Pearlmutter, Barak A. and Radul, Alexey Andreyevich and Siskind,
    Jeffrey Mark
  },
  year = {2017},
  journal = {J. Mach. Learn. Res.},
  volume = {18},
  number = {153},
  pages = {153:1--153:43},
  url = {https://jmlr.org/papers/v18/17-468.html},
  source = {DBLP},
}

@inproceedings{bergstra2010theano,
  title = {Theano: A CPU and GPU Math Compiler in Python},
  author = {
    Bergstra, James and Breuleux, Olivier and Bastien, Fr\'ed\'eric and Lamblin, Pascal and
    Pascanu, Razvan and Desjardins, Guillaume and Turian, Joseph and Warde-Farley, David and
    Bengio, Yoshua
  },
  year = {2010},
  journal = {Proceedings of the Python in Science Conference},
  booktitle = {Proceedings of the 9th Python in Science Conference},
  publisher = {SciPy},
  volume = {4},
  number = {1},
  pages = {18--24},
  doi = {10.25080/majora-92bf1922-003},
  issn = {2575-9752},
  url = {https://doi.org/10.25080/majora-92bf1922-003},
  source = {Crossref},
}

@article{chollet2015keras,
  title = {Keras},
  author = {Chollet, Fran\c{c}ois and others},
  year = {2015},
  journal = {GitHub repository},
  publisher = {GitHub},
  url = {https://github.com/fchollet/keras},
}

@article{chollet2018keras,
  title = {Introduction to keras},
  author = {Chollet, Fran\c{c}ois},
  year = {2018},
  journal = {March 9th},
}

@article{david2021tensorflow,
  title = {Tensorflow lite micro: Embedded machine learning for tinyml systems},
  author = {
    David, Robert and Duke, Jared and Jain, Advait and Janapa Reddi, Vijay and Jeffries, Nat and
    Li, Jian and Kreeger, Nick and Nappier, Ian and Natraj, Meghna and Wang, Tiezhen and others
  },
  year = {2021},
  journal = {Proceedings of Machine Learning and Systems},
  volume = {3},
  pages = {800--811},
}

@inproceedings{dean2012large,
  title = {Large Scale Distributed Deep Networks.},
  author = {
    Dean, Jeffrey and Corrado, Greg and Monga, Rajat and 0010, Kai Chen and Devin, Matthieu and Le,
    Quoc V. and Mao, Mark Z. and Ranzato, Marc'Aurelio and Senior, Andrew W. and Tucker, Paul A.
    and Yang, Ke and Ng, Andrew Y.
  },
  year = {2012},
  journal = {NIPS},
  booktitle = {
    Advances in Neural Information Processing Systems 25: 26th Annual Conference on Neural
    Information Processing Systems 2012. Proceedings of a meeting held December 3-6, 2012, Lake
    Tahoe, Nevada, United States
  },
  pages = {1232--1240},
  url = {https://proceedings.neurips.cc/paper/2012/hash/6aca97005c68f1206823815f66102863-Abstract.html},
  source = {DBLP},
  editor = {
    Bartlett, Peter L. and Pereira, Fernando C. N. and Burges, Christopher J. C. and Bottou, L\'eon
    and Weinberger, Kilian Q.
  },
  bibsource = {dblp computer science bibliography, https://dblp.org},
  biburl = {https://dblp.org/rec/conf/nips/DeanCMCDLMRSTYN12.bib},
  timestamp = {Thu, 21 Jan 2021 00:00:00 +0100},
}

@article{howard2020fastai,
  title = {Fastai: A Layered API for Deep Learning},
  author = {Howard, Jeremy and Gugger, Sylvain},
  year = {2020},
  month = feb,
  journal = {Information},
  publisher = {MDPI AG},
  volume = {11},
  number = {2},
  pages = {108},
  doi = {10.3390/info11020108},
  issn = {2078-2489},
  url = {https://doi.org/10.3390/info11020108},
  source = {Crossref},
}

@software{jax2018github,
  title = {JAX: composable transformations of Python+NumPy programs},
  author = {
    Bradbury, James and Frostig, Roy and Hawkins, Peter and Johnson, Matthew James and Leary, Chris
    and Maclaurin, Dougal and Necula, George and Paszke, Adam and VanderPlas, Jake and
    Wanderman-Milne, Skye and Zhang, Qiao
  },
  year = {2018},
  url = {http://github.com/google/jax},
  version = {0.2.5},
}

@inproceedings{jia2014caffe,
  title = {Caffe},
  author = {
    Jia, Yangqing and Shelhamer, Evan and Donahue, Jeff and Karayev, Sergey and Long, Jonathan and
    Girshick, Ross and Guadarrama, Sergio and Darrell, Trevor
  },
  year = {2014},
  month = nov,
  booktitle = {Proceedings of the 22nd ACM international conference on Multimedia},
  publisher = {ACM},
  pages = {675--678},
  doi = {10.1145/2647868.2654889},
  url = {https://doi.org/10.1145/2647868.2654889},
  source = {Crossref},
  subtitle = {Convolutional Architecture for Fast Feature Embedding},
}

@inproceedings{kung1979systolic,
  title = {Systolic arrays (for VLSI)},
  author = {Kung, Hsiang Tsung and Leiserson, Charles E},
  year = {1979},
  booktitle = {Sparse Matrix Proceedings 1978},
  volume = {1},
  pages = {256--282},
  organization = {Society for industrial and applied mathematics Philadelphia, PA, USA},
}

@article{lai2018cmsis,
  title = {CMSIS-NN: Efficient Neural Network Kernels for Arm Cortex-M CPUs},
  author = {Lai, Liangzhen and Suda, Naveen and Chandra, Vikas},
  year = {2018},
  month = jan,
  journal = {ArXiv preprint},
  volume = {abs/1801.06601},
  url = {http://arxiv.org/abs/1801.06601v1},
  primaryclass = {cs.NE},
  archiveprefix = {arXiv},
}

@incollection{li2014communication,
  title = {Online Learning with Kernels},
  author = {Kivinen, Jyrki and Smola, Alex J. and Williamson, Robert C.},
  year = {2002},
  month = nov,
  journal = {NIPS},
  booktitle = {Advances in Neural Information Processing Systems 14},
  publisher = {The MIT Press},
  pages = {785--792},
  doi = {10.7551/mitpress/1120.003.0105},
  isbn = {9780262271738},
  url = {https://doi.org/10.7551/mitpress/1120.003.0105},
  source = {Crossref},
  editor = {
    Ghahramani, Zoubin and Welling, Max and Cortes, Corinna and Lawrence, Neil D. and Weinberger,
    Kilian Q.
  },
  bibsource = {dblp computer science bibliography, https://dblp.org},
  biburl = {https://dblp.org/rec/conf/nips/LiASY14.bib},
  timestamp = {Thu, 21 Jan 2021 00:00:00 +0100},
}

@inproceedings{mcmahan2023communicationefficient,
  title = {Communication-Efficient Learning of Deep Networks from Decentralized Data.},
  author = {
    McMahan, Brendan and Moore, Eider and Ramage, Daniel and Hampson, Seth and y Arcas, Blaise
    Ag\"uera
  },
  year = {2017},
  journal = {AISTATS},
  booktitle = {
    Proceedings of the 20th International Conference on Artificial Intelligence and Statistics,
    AISTATS 2017, 20-22 April 2017, Fort Lauderdale, FL, USA
  },
  publisher = {PMLR},
  series = {Proceedings of Machine Learning Research},
  volume = {54},
  pages = {1273--1282},
  url = {http://proceedings.mlr.press/v54/mcmahan17a.html},
  source = {DBLP},
  editor = {Singh, Aarti and Zhu, Xiaojin (Jerry)},
  bibsource = {dblp computer science bibliography, https://dblp.org},
  biburl = {https://dblp.org/rec/conf/aistats/McMahanMRHA17.bib},
  timestamp = {Wed, 03 Apr 2019 01:00:00 +0200},
}

@inproceedings{paszke2019,
  title = {PyTorch: An imperative style, high-performance deep learning library},
  author = {
    Paszke, Adam and Gross, Sam and Massa, Francisco and Lerer, Adam and Bradbury, James and
    Chanan, Gregory and Killeen, Trevor and Lin, Zeming and Gimelshein, Natalia and Antiga, Luca
    and others
  },
  year = {2019},
  booktitle = {Advances in Neural Information Processing Systems},
  pages = {8026--8037},
}

@inproceedings{paszke2019pytorch,
  title = {
    PyTorch 2: Faster Machine Learning Through Dynamic Python Bytecode Transformation and Graph
    Compilation
  },
  author = {
    Ansel, Jason and Yang, Edward and He, Horace and Gimelshein, Natalia and Jain, Animesh and
    Voznesensky, Michael and Bao, Bin and Bell, Peter and Berard, David and Burovski, Evgeni and
    Chauhan, Geeta and Chourdia, Anjali and Constable, Will and Desmaison, Alban and DeVito,
    Zachary and Ellison, Elias and Feng, Will and Gong, Jiong and Gschwind, Michael and Hirsh,
    Brian and Huang, Sherlock and Kalambarkar, Kshiteej and Kirsch, Laurent and Lazos, Michael and
    Lezcano, Mario and Liang, Yanbo and Liang, Jason and Lu, Yinghai and Luk, C. K. and Maher, Bert
    and Pan, Yunjie and Puhrsch, Christian and Reso, Matthias and Saroufim, Mark and Siraichi,
    Marcos Yukio and Suk, Helen and Zhang, Shunting and Suo, Michael and Tillet, Phil and Zhao, Xu
    and Wang, Eikan and Zhou, Keren and Zou, Richard and Wang, Xiaodong and Mathews, Ajit and Wen,
    William and Chanan, Gregory and Wu, Peng and Chintala, Soumith
  },
  year = {2024},
  month = apr,
  booktitle = {
    Proceedings of the 29th ACM International Conference on Architectural Support for Programming
    Languages and Operating Systems, Volume 2
  },
  publisher = {ACM},
  pages = {929--947},
  doi = {10.1145/3620665.3640366},
  url = {https://doi.org/10.1145/3620665.3640366},
  source = {Crossref},
  editor = {
    Wallach, Hanna M. and Larochelle, Hugo and Beygelzimer, Alina and d'Alch\'e-Buc, Florence and
    Fox, Emily B. and Garnett, Roman
  },
  bibsource = {dblp computer science bibliography, https://dblp.org},
  biburl = {https://dblp.org/rec/conf/nips/PaszkeGMLBCKLGA19.bib},
  timestamp = {Thu, 21 Jan 2021 00:00:00 +0100},
}

@inproceedings{seide2016cntk,
  title = {CNTK},
  author = {Seide, Frank and Agarwal, Amit},
  year = {2016},
  month = aug,
  booktitle = {
    Proceedings of the 22nd ACM SIGKDD International Conference on Knowledge Discovery and Data
    Mining
  },
  publisher = {ACM},
  pages = {2135--2135},
  doi = {10.1145/2939672.2945397},
  url = {https://doi.org/10.1145/2939672.2945397},
  source = {Crossref},
  subtitle = {Microsoft's Open-Source Deep-Learning Toolkit},
}

@article{witten2002data,
  title = {Data mining},
  author = {Witten, Ian H. and Frank, Eibe},
  year = {2002},
  month = mar,
  journal = {ACM SIGMOD Record},
  publisher = {Association for Computing Machinery (ACM)},
  volume = {31},
  number = {1},
  pages = {76--77},
  doi = {10.1145/507338.507355},
  issn = {0163-5808},
  url = {https://doi.org/10.1145/507338.507355},
  source = {Crossref},
  subtitle = {practical machine learning tools and techniques with Java implementations},
}
